3000 4917
1222 403 1229 408 ·
1304 359 1546 394 ’'¹¹¹¹'’
2257 371 2381 442 ¹³7

480 583 527 628 ς,
562 545 843 614 addentes
860 588 887 625 ‚
945 555 1019 610 ut
1058 541 1113 610 si
1142 541 1287 626 quis
1320 541 1718 627 ingenuorum
1763 533 1848 610 ad
1888 531 2382 626 ”deficiendum

474 717 518 754 ,‚
556 672 676 758 legi
728 669 1011 764 superius
1053 667 1327 737 definitae
1360 667 1634 738 idoneusi
1661 683 1808 737 non.
1827 668 2122 756 habetur,
2138 675 2378 759 ,depor-

479 825 521 878 5,
558 797 801 866 tationis
844 797 1123 882 protinus
1190 795 1506 883 subjaceat·
1540 795 1756 868 ultioni
1770 821 1814 880 ,··
1845 798 1997 884 ‚q'uIa
2021 801 2374 888 §2p1ns.‚de-

479 969 523 1008 „
560 926 695 994 buit
743 926 1005 1011 cogitare
1037 926 1175 1010 jura
1209 923 1491 1010 publiea,
1539 925 1646 1008 qni
1663 940 2026 993 :senoverat
2069 927 2386 1006 alibi-non

342 1097 355 1112 .
478 1077 535 1136 „·
560 1071 749 1138 posse
790 1052 1089 1122 'sustinere
1133 1049 1492 1119 vindictam.
1553 1051 1712 1120 :Hoc
1754 1071 1900 1120 vero
1964 1051 2368 1138 fragmentum

472 1182 525 1250 si
576 1202 717 1249 cum
768 1198 1185 1248 runonomct
1204 1180 1413 1247 edicto
1460 1193 1883 1262 comparetur,
1925 1180 2222 1248 neminem
2269 1182 2374 1251 fu-.

477 1310 571 1394 git
590 1357 613 1391 ‚
648 1308 1029 1390 Gothicum3
1062 1326 1200 1374 non·
1219 1307 1562 1375 Romanum
1590 1305 1872 1382 habuisse
1903 1321 2206 1376 auctorem
2226 1330 2251 1393 ς
2268 1331 2378 1394 ρει

471 1437 575 1520 jus
650 1437 805 1502 enim
864 1437 929 1500 in
978 1435 1390 1503 remotissimis
1442 1429 1796 1501 Germaniae
1839 1450 1944 1503 aut
2005 1435 2234 1504 Galbae
2279 1457 2374 1506 re-

474 1561 755 1646 gionibus
802 1581 877 1630 eo
914 1576 1187 1644 tempore
1220 1562 1437 1628 Latina
1464 1561 1644 1628 verba
1700 1563 1942 1630 conflari
1993 1583 2120 1630 non
2149 1579 2372 1648 potue-

474 1705 641 1754 runt.
747 1687 1029 1754 Secundo
1094 1688 1676 1755 animadvertendum
1723 1690 1879 1758 hane
1934 1691 2374 1775 correctionem

473 1831 601 1880 non
637 1833 710 1880 ex
740 1813 949 1896 aliquo
982 1813 1267 1896 imperiali
1308 1813 1600 1896 rescripto
1651 1817 1760 1882 sed
1795 1837 1912 1884 suo
1947 1817 2133 1886 marte
2168 1837 2368 1902 regem

466 1942 751 2026 adjecisse
767 1989 792 2024 ‚
838 1942 997 2007 unde
1040 1941 1316 2024 sequitur
1332 1989 1355 2023 ,
1410 1942 1631 2009 nullam
1681 1942 1856 2010 fidem
1921 1943 2064 2011 huie
2115 1945 2235 2031 legi
2265 1945 2378 2013 ha-

464 2069 717 2136 bendam
776 2087 907 2135 esse
944 2068 1007 2134 in
1060 2069 1411 2151 quaestione
1446 2071 1523 2135 de
1570 2072 2000 2153 deportationis
2039 2093 2158 2140 usu
2202 2072 2366 2156 apud

462 2195 735 2264 Gothos.
836 2195 1057 2264 Fateor
1122 2196 1361 2279 quidem
1412 2197 1604 2279 ipsam
1643 2217 1872 2265 vocem
1929 2199 2193 2284 expungi
2239 2218 2366 2266 non

459 2339 665 2407 posse.
754 2325 840 2390 At
886 2341 1096 2402 nonne·
1138 2322 1477 2390 verosimile
1502 2339 1621 2390 ,est
1643 2371 1670 2406 ‚
1731 2325 2032 2390 hominem
2113 2326 2364 2394 Latinae

459 2451 697 2536 linguae
750 2451 832 2519 ita
918 2451 1187 2535 ignarum
1262 2452 1508 2520 nomina
1581 2451 1927 2520 confudisse
1989 2472 2316 2548 poenarum
2336 2499 2361 2536 ‚

462 2599 615 2663 quae
688 2578 891 2662 quoad
972 2579 1203 2648 factum
1226 2625 1251 2660 ,
1328 2581 1532 2662 quoad
1600 2580 2015 2648 coercitionem
2081 2581 2366 2666 corporis

457 2708 631 2790 plane
690 2707 1115 2790 conveniunt:
1150 2707 1377 2793 ,Hujus
1426 2707 1836 2792 confusionis.
1863 2709 2100 2780 semina·
2145 2727 2222 2777 ur
2243 2729 2366 2785 ιιι,

459 2835 657 2902 dimus
699 2834 833 2916 ipse
886 2841 1365 2916 rmmontby's
1401 2837 1536 2920 jam
1578 2837 1843 2920 jacuerat
1867 2883 1900 2920 ‚‚
1929 2855 2110 2917 quarn
2145 2835 2198 2902 si
2233 2835 2362 2900 Ro·

462 2959 620 3026 mani
664 2977 791 3026 non
828 2961 1113 3028 evitarent
1133 3007 1159 3042 ,
1204 2950 1281 3026 an
1326 2963 1542 3030 mirum
1583 2977 1676 3028 est
1707 2962 1970 3029 incultos
2002 2959 2356 3028 Gothorum

462 3087 741 3154 doctores
787 3106 855 3154 ae
890 3087 1223 3153 monachos
1254 3086 1319 3150 in
1359 3085 1518 3152 illam
1562 3086 1796 3154 foveam
1849 3085 2160 3152 incidisse.
2242 3085 2358 3159 At·

462 3233 583 3296 que
600 3211 743 3278 hine
794 3211 877 3277 ita
916 3211 1369 3293 intelligendum
1402 3225 1560 3294 puto
1595 3229 2020 3278 mmmmm
2065 3212 2352 3282 edictum·

468 3387 513 3424 „
549 3339 673 3408 Diu
704 3338 1037 3423 neglectum
1080 3335 1480 3404 Valentiniani
1531 3335 1910 3420 Imperatoris
1951 3337 2302 3422 rescriptum
2322 3387 2349 3424 ,

468 3503 510 3552 ‚·,
552 3487 679 3551 quo
732 3465 814 3533 illi
830 3511 857 3548 ‚
904 3465 1009 3548 qui
1055 3483 1251 3532 rerum
1308 3463 1628 3560 alienarum
1687 3463 2132 3548 possessionem
2187 3465 2356 3540 iuva!

469 3641 513 3680 ,‚
552 3597 706 3665 dunt
738 3611 865 3660 non
903 3594 1102 3660 solum
1150 3590 1411 3659 dominis
1452 3591 1697 3658 reddere
1719 3638 1743 3672 ‚
1775 3609 1987 3659 verum
2016 3595 2190 3662 etiam
2223 3615 2356 3668 aesq

469 3771 511 3806 „
552 3722 923 3790 timationem
980 3739 1185 3790 earum
1240 3739 1441 3806 rerum
1495 3720 1810 3788 restituere
1865 3723 2348 3818 compelluntur,

464 3896 517 3950 -‚,
559 3852 735 3936 plane
770 3848 1025 3918 reviseat
1058 3867 1187 3916 non
1223 3863 1447 3916 tantum
1470 3893 1499 3929 ,
1529 3849 1636 3918 sed
1673 3864 1732 3916 et
1767 3848 1886 3919 hoe
1913 3850 2194 3922 volumus
2215 3864 2352 3931 μοι

462 3981 471 3989 ’
1421 3973 1467 4042 S
2249 3973 2355 4056 qui
