3000 4917
1291 359 1574 489 ..e-¹¹⁸3
2285 360 2368 449 43

466 564 547 618 ne
594 550 892 638 desperati
926 532 1101 621 facile
1157 550 1235 620 ad
1266 548 1623 621 delationem
1687 548 2090 640 confugerem
2136 554 2268 638 (39
2281 552 2320 639 J
2333 592 2361 638 ,

472 685 603 749 tum
666 678 843 748 etiam
917 679 1057 765 quia
1117 692 1333 766 parum
1406 678 1542 749 fidei
1605 694 1867 751 meretm·
1935 680 2044 766 qui
2115 696 2368 768 propter

474 809 719 878 crimina
768 800 1025 878 civitate
1052 809 1390 894 expellitur.
1476 807 1481 815 ’

564 932 801 1025 Quodsi
832 938 953 1023 jam
987 952 1167 1004 omne
1196 932 1347 1006 illud
1362 982 1387 1021 ‚
1440 938 1610 1021 quod
1657 938 1733 1006 de
1769 937 2106 1008 extorribus
2136 940 2236 1007 vel
2263 932 2368 1007 de-

483 1065 739 1149 portatis
791 1065 1017 1134 dietum
1064 1078 1156 1134 est
1180 1114 1204 1149 ‚
1247 1062 1628 1134 conferamus
1661 1084 1802 1134 cum
1831 1064 1903 1133 iis
1925 1113 1951 1149 ‚
2003 1084 2156 1149 quae
2195 1065 2368 1133 initio

487 1192 563 1259 de
609 1208 766 1276 aqua
799 1203 859 1260 et
886 1192 1013 1279 igni
1061 1188 1389 1262 interdictis
1410 1240 1435 1278 ,
1474 1189 1584 1278 qui
1632 1206 1699 1263 se
1747 1194 1811 1260 in
1856 1192 2026 1260 aliam
2071 1192 2373 1261 civitatem

484 1314 907 1403 eminuerunt,
974 1317 1229 1405 exposui
1244 1336 1269 1407 3
1327 1334 1575 1407 apparet
1621 1318 1850 1390 insulae
1886 1316 2196 1389 vinculum
2227 1317 2378 1388 iilud

488 1447 758 1532 inprimis
806 1458 1123 1534 gravamen
1178 1446 1454 1520 attulisse
1512 1451 1681 1534 quod
1725 1448 1794 1517 hi
1849 1462 2100 1534 propter
2144 1448 2244 1535 jus
2291 1446 2381 1514 ci·

468 1570 691 1677 lvitatis
737 1579 1079 1662 peregrinae
1118 1575 1253 1663 iure
1304 1576 1572 1663 gentium
1632 1576 1876 1664 speciali
1920 1594 2034 1645 seu
2071 1576 2378 1643 sociorum

485 1710 796 1773 uterentur
812 1751 836 1787 ,
894 1698 981 1769 illi
1046 1711 1193 1772 ve‘ro
1231 1720 1483 1788 propter
1517 1701 1856 1769 ἀπολιτεὶαν
1890 1705 2080 1771 multa
2111 1696 2383 1785 perdide-

488 1830 647 1914 iint3
710 1842 899 1913 quum
959 1823 1111 1897 nihil
1152 1831 1227 1897 iis
1288 1828 1694 1913 concedatur,
1755 1828 1876 1896 nisi
1940 1831 2109 1912 quod
2157 1826 2385 1912 regitur

479 1956 520 2044 J
524 1976 627 2025 ure
679 1954 949 2043 gentium
982 1950 1295 2027 universali
1314 1996 1339 2042 ⁵
1398 1978 1525 2041 quo
1566 1975 1774 2027 omnes
1809 1952 2030 2043 pariter
2063 1952 2382 2039 hominen,
2415 2012 2424 2023 .

486 2080 593 2169 qui
642 2098 806 2155 extra
862 2084 1146 2155 ditionem
1203 2083 1540 2155 Romanam
1595 2080 1943 2154 habitabant
1965 2133 1990 2168 ,
2033 2081 2384 2154 urebantur.

567 2212 784 2280 Tertio
809 2216 928 2300 jam
956 2214 1099 2281 loco
1132 2212 1297 2282 venit
1328 2214 1722 2297 confiscati03
1760 2231 1936 2295 qnam
1969 2208 2106 2280 ideo
2144 2212 2243 2277 hic
2276 2228 2375 2278 se·
2487 2282 2494 2287 ,

478 2340 726 2424 paratim
761 2338 1116 2409 adduximus
1133 2390 1155 2424 ‚
1204 2352 1274 2409 ut
1306 2338 1660 2409 ostendatur
1679 2388 1703 2429 ,
1741 2346 2029 2421 quantum
2066 2342 2212 2406 haee
2239 2354 2388 2405 con—

479 2467 763 2535 ditionem
816 2472 1098 2537 exsulum
1144 2436 1467 2538 mutauerit
1486 2517 1512 2552 ‚
1567 2488 1644 2536 ne
1687 2460 1834 2552 quid
1857 2482 2002 2552 post
2033 2458 2389 2553 publicatio·

477 2603 617 2689 nem
678 2595 905 2683 Jurium
964 2586 1228 2665 civilium
1290 2592 1614 2667 tribuatur.
1699 2596 1791 2666 Ut
1843 2608 2044 2665 autem
2083 2597 2336 2664 eundem
2358 2642 2384 2678 ,

480 2732 661 2807 quem
711 2722 1035 2809 hucusque
1088 2714 1393 2795 tenuimus
1411 2774 1437 2809 ,
1492 2723 1762 2794 ordinem
1797 2742 2104 2793 servemus
2125 2771 2150 2806 ‚
2189 2718 2388 2808 primo

478 2844 849 2919 observanda
904 2868 1058 2935 quae
1106 2849 1381 2934 spectant
1422 2846 1898 2920 matrimonium.
1961 2850 2168 2934 Hujus
2209 2848 2391 2933 igitur

482 2976 711 3043 ratione
736 2978 903 3044 illum
934 2976 1212 3047 effectum
1250 2974 1506 3047 sortitur
1541 2974 1892 3044 confiscatio
1913 3024 1938 3058 ‚
1961 2974 2130 3056 quod
2146 2972 2394 3043 maritus

480 3102 729 3170 simmae
760 3094 1111 3187 deportetur
1125 3150 1149 3184 ,
1186 3096 1385 3174 dotem
1422 3104 1741 3170 restituere
1759 3115 2014 3185 cogatur
2031 3147 2056 3182 ‚
2091 3116 2228 3166 nam
2249 3120 2390 3168 cum
2506 3178 2516 3183 ,

482 3229 937 3298 matrimonium
996 3243 1126 3296 non
1158 3224 1528 3297 dissolvatur
1545 3276 1570 3311 ,
1625 3242 1754 3294 non
1789 3229 2199 3309 requireretur
2231 3226 2388 3295 dotis

482 3358 715 3428 exactio
767 3372 907 3425 ante
952 3373 1210 3425 mortem
1260 3356 1453 3425 mariti
1505 3352 1858 3425 naturalem.
1933 3354 2066 3443 Jam
2123 3372 2270 3425 vero
2313 3374 2393 3423 ne

480 3478 674 3554 ‘fiscus
744 3506 875 3553 eam
941 3500 1203 3571 occupet
1222 3534 1248 3570 ,
1296 3500 1479 3570 atque
1522 3486 1783 3583 indotata
1838 3483 2070 3552 maneat
2133 3483 2346 3552 mulier
2363 3531 2389 3567 ,

2288 3632 2400 3681 cu·

588 3797 749 3865 (39)
798 3799 869 3853 L.
938 3802 1021 3859 18.
1054 3796 1127 3869 ff.
1192 3801 1258 3853 de
1304 3798 1435 3867 jure
1486 3800 1616 3869 ᾔει-ἕ
1655 3800 1726 3858 L.
1775 3814 1829 3867 5.
1878 3796 1925 3855 δ.
1960 3813 1982 3853 ι
2017 3810 2072 3855 et
2103 3816 2158 3858 2.
2205 3798 2274 3865 ff.
2319 3792 2383 3848 de

483 3872 685 3949 ‘paulic-
734 3880 861 3944 jud.

1511 3986 1644 4055 Fa
