3000 4917
1262 415 1508 476 Ε
2227 431 2350 500 195

424 597 834 667 criminalibus
855 644 884 680 ,
980 600 1089 666 sed
1157 599 1225 668 in
1282 583 1569 670 civilibus
1639 582 1818 674 etiam
1891 583 2094 676 causis
2168 606 2335 674 litem

422 725 803 794 dirimebant.
908 714 1167 813 Egregie
1244 731 1398 798 illud
1473 725 1750 818 judicum
1813 737 2182 822 ignorantiae
2234 739 2338 806 ac'·

418 857 921 940 commodatum3
980 857 1057 923 iis
1113 859 1273 924 enim
1328 859 1714 944 temporibus
1737 907 1763 945 ,
1815 865 2041 946 quibus
2090 862 2330 948 praeter?

417 984 675 1058 clericos
727 987 832 1051 vix
881 985 1074 1068 legere
1092 1033 1117 1068 ,
1161 1003 1299 1053 raro
1348 987 1615 1055 seribere
1665 957 1908 1072 poterat
1949 993 2276 1076 quisquam·
2297 1038 2324 1074 ,

416 1113 471 1178 si
520 1115 620 1179 vel
684 1113 1008 1195 aequitatis
1056 1133 1275 1182 sensus
1325 1115 1734 1199 subsisteret,
1779 1139 1816 1184 a
1853 1117 2169 1184 nobilibus
2193 1131 2324 1186 nort
2365 1192 2368 1195 ,

414 1255 539 1307 erat
612 1243 1017 1326 exigendum,
1098 1257 1170 1309 ut
1241 1257 1477 1310 veteres
1546 1244 1752 1328 Leges
1821 1246 1924 1310 vel
1975 1256 2130 1312 usus
2179 1257 2334 1328 cogi

414 1365 763 1436 noscerent.
848 1369 999 1437 Non
1060 1372 1249 1464 igitur
1296 1373 1570 1438 actiones
1621 1371 2131 1454 instituebantur,
2192 1364 2350 1441 for?

374 1522 389 1534 ·
416 1499 619 1563 mulae
683 1490 1128 1579 recitabantur,
1204 1501 1313 1564 sed
1386 1500 1716 1580 petitiones
1735 1545 1761 1582 ,
1847 1501 2155 1584 actiones,
2223 1512 2336 1567 ex·'

412 1611 729 1705 ceptIones'
746 1668 771 1703 ,
830 1641 958 1688 uno
1030 1637 1173 1688 actu
1218 1604 1614 1692 solvebantur
1661 1627 1726 1693 id
1780 1641 1918 1710 est,
1949 1627 2318 1714 pugnando.

410 1747 543 1815 Sub
600 1747 793 1831 prima
848 1749 1039 1830 stirpe
1090 1749 1515 1833 imperfectum
1575 1755 1704 1838 iam
1771 1752 1968 1820 fuisse
2023 1754 2327 1821 Barbaros·

410 1895 547 1942 rum
600 1876 751 1960 jus,
830 1891 1188 1958 corruptum
1216 1880 1321 1961 jus
1373 1875 1769 1958 Romanum,
1811 1895 1848 1942 e
1895 1881 2325 1961 superioribus

410 2003 617 2069 videre
688 2019 824 2084 est,
906 2002 1008 2068 tali
1070 2015 1273 2068 autem
1315 2001 1687 2086 judiciorum
1753 2017 1969 2088 genere
2030 2008 2108 2072 ad
2170 2007 2324 2075 nihil

408 2127 539 2196 fere
616 2131 923 2197 redactum
982 2144 1099 2197 est.
1204 2129 1337 2196 Soli
1400 2146 1668 2197 attamen
1739 2132 2088 2200 Normanni
2159 2133 2332 2221 leges

410 2277 555 2326 suas
628 2260 995 2325 retinuerant
1061 2278 1133 2324 ae
1178 2259 1244 2325 in
1298 2260 1626 2326 universali
1672 2261 2066 2344 corruptione
2121 2267 2322 2347 quod·
2361 2333 2364 2336 ,

403 2388 544 2454 dam
597 2386 888 2454 habuisse
924 2389 1029 2473 jus
1090 2387 1217 2454 dici
1266 2402 1576 2470 possunt,
1637 2393 1918 2471 quamvis
1967 2405 2321 2476 temporum'

399 2514 563 2582 vitiis
604 2494 1051 2598 ‘inquinatum
1158 2515 1326 2582 Hinc
1379 2517 1558 2583 etiam
1610 2513 1852 2583 factum·
1892 2517 2031 2599 est,
2091 2533 2163 2584 ut
2212 2533 2328 2586 an:

398 2643 769 2726 tiquissimae
839 2663 1048 2712 eorum
1118 2646 1283 2728 leges
1356 2646 1435 2711 ad
1503 2651 1780 2718 nostram'
1847 2660 2104 2714 aetatem
2178 2655 2314 2715 nou·¹

396 2774 822 2854 pervenerint,
873 2793 944 2840 ac
999 2791 1213 2854 parum
1282 2773 1405 2840 dici
1471 2785 1656 2857 queat
1705 2773 1782 2839 de
1840 2774 1962 2840 illis
2013 2775 2308 2858 tempori-

396 2899 568 2966 ribus
588 2945 614 2978 ,
709 2919 866 2982 quae
961 2919 1453 2967 cummanum
1520 2919 1908 2969 nna-Annum
1975 2916 2316 2969 antecesse-⁴⁴

394 3040 540 3091 runt
614 3027 829 3111 (28).
932 3027 1085 3095 Post
1155 3046 1296 3093 eum
1358 3043 1508 3093 vero
1561 3046 1694 3094 non
1737 3027 1916 3093 valde
1967 3027 2191 3093 certior
2239 3027 2316 3094 fit

396 3153 672 3258 doctrina
692 3197 717 3232 ,
734 3153 843 3219 sed
870 3151 1123 3219 maxime
1140 3168 1211 3220 ex
1232 3153 1576 3238 Anglorum
1593 3151 1830 3236 legibus
1863 3153 2320 3222 sub·Norman'··

2196 3297 2324 3349 noa'

501 3425 533 3486 (
551 3425 663 3488 28)
710 3427 828 3477 Non
874 3424 1003 3475 enim
1048 3424 1247 3488 scriptis
1290 3423 1518 3490 legibus,
1567 3423 1657 3475 sed
1704 3423 2059 3476 consuetudine
2102 3434 2162 3476 ut
2189 3425 2304 3490 ple·

402 3522 589 3570 neque
638 3509 964 3561 Barbarorum
1012 3521 1185 3574 gentes
1217 3511 1502 3560 utebantur.
1567 3509 1714 3559 Hanc
1759 3519 1927 3560 autem
1955 3511 2154 3564 Ἐπωπεῖ
2190 3513 2314 3568 Ro-'

404 3605 663 3644 manorum
726 3592 960 3656 exemplo
1019 3591 1199 3645 litteris
1254 3591 1584 3654 mandarunt,
1643 3602 1950 3644 caeterorum
1999 3594 2308 3657 populorum'

404 3676 551 3741 leges
599 3687 813 3728 cuono
857 3689 1053 3730 naono
1102 3679 1367 3734 debentur.
1436 3677 1570 3728 Cum
1606 3681 1732 3728 vero
1763 3677 2036 3728 Not-manni
2082 3677 2307 3732 Galliam

402 3756 702 3810 invaderent
746 3757 918 3823 ibique
959 3760 1269 3824 provinciam
1314 3759 1704 3824 adipiscerentur
1744 3758 1796 3809 in
1843 3757 2004 3808 media
2049 3753 2314 3812 Barbariei‘

398 3855 463 3894 ne
506 3838 811 3906 Ignorantiae
858 3854 1083 3907 ternpore
1126 3844 1406 3896 inciderunt
1436 3857 1496 3895 ac
1536 3843 1672 3895 nulla
1715 3841 1867 3910 igitur
1893 3843 2084 3898 tatione
2112 3837 2342 3915 Ιιιιῑὶιιιὶ*ι

402 3936 523 3979 nunt
544 3955 579 3992 ,·
609 3941 734 3991 qua,
758 3928 984 3982 codicem
1031 3928 1198 3996 legum
1230 3927 1582 3983 efformarent-⁹

1391 4031 1601 4100 1311oe
