3000 4917
1184 393 1560 469 ξ·
2170 401 2257 473 49

341 577 417 643 de
469 574 757 644 libertate·
783 573 1077 660 physica,
1112 572 1222 641 sed
1249 573 1326 641 de
1355 573 1454 643 ina
1482 590 1687 643 sermo
1723 590 1860 660 est,
1892 596 2052 662 quae
2082 593 2235 647 con·

344 677 435 772 tra
483 706 588 790 jus
643 702 926 790 gentium*
962 700 1284 784 adimitur,
1333 701 1423 770 ita
1481 718 1557 771 ut
1584 704 1724 788 quis
1762 704 2005 774 artatus
2042 705 2238 773 domi:-

344 831 449 899 nio
478 830 698 900 subsit.
786 829 1123 897 Miserrima
1155 846 1304 897 vero
1331 829 1574 897 illorum
1589 848 1731 899 erat·
1744 831 2015 900 conditio
2033 879 2060 917 ,
2089 850 2232 902 nam

339 978 481 1026 cum
543 957 749 1025 fictitia
800 971 959 1023 esset
1021 954 1253 1023 domini
1319 975 1582 1041 persona
1635 975 1764 1025 non
1823 972 2056 1028 tantum
2103 976 2252 1053 oms·

344 1085 525 1152 nibus
563 1085 681 1153 illis
712 1083 1183 1151 destituebantur
1196 1130 1221 1166 ,
1273 1099 1430 1165 quae
1463 1084 1655 1151 servis
1689 1084 1972 1154 universe
2011 1101 2240 1173 negans

348 1227 449 1279 tur
506 1213 615 1279 sed
670 1226 729 1276 et
763 1210 911 1276 nihil
960 1230 1171 1278 eorum
1190 1256 1213 1290 ,
1266 1228 1424 1291 quae
1470 1211 1632 1278 servi
1688 1210 2104 1280 Romanorum
2159 1232 2237 1280 ex

349 1358 605 1423 persona
638 1338 1015 1405 dominorum
1065 1337 1453 1422 possidebant
1469 1385 1493 1420 ,
1534 1337 1756 1405 habere
1793 1342 1892 1406 vel
1925 1341 2236 1422 adquirere

350 1482 675 1551 poterant..
757 1466 854 1532 Sic
907 1486 971 1531 v.
1029 1485 1090 1549 g.
1172 1465 1362 1532 servis
1426 1486 1502 1533 ex
1565 1479 1929 1534 testamento
1978 1468 2241 1550 relinqui

349 1594 446 1661 vel
478 1593 662 1678 legari
706 1606 986 1676 poterant
1005 1636 1033 1674 ,
1089 1610 1243 1673 quae
1275 1591 1520 1659 domino
1549 1593 1939 1675 adquirebam
1953 1640 1977 1674 ,
2028 1596 2138 1661 sed
2167 1594 2236 1660 in

350 1721 649 1786 metallum
690 1720 1001 1784 damnatus
1042 1732 1104 1783 et
1143 1718 1265 1784 hoc
1304 1717 1596 1785 beneficio
1635 1718 1906 1802 privatur
1921 1757 1948 1801 ,ς
1974 1721 2081 1801 qui
2113 1736 2244 1787 non

353 1866 520 1914 caeuzs
538 1865 676 1913 qus
732 1865 944 1912 servus
994 1844 1104 1911 sed
1152 1862 1407 1928 poenae.
1490 1843 1710 1930 Longa'
1749 1847 1935 1929 igitur
1962 1845 2245 1930 disquisi-

354 1972 516 2040 tione
549 1973 789 2039 illorum
822 1972 1068 2038 definire
1105 1985 1329 2039 sortem
1366 1990 1494 2039 non
1528 1987 1624 2041 est
1665 1992 1952 2057 necessu
1993 1993 2131 2042 nam
2163 1974 2246 2042 ab·

354 2101 663 2166 hominum
680 2101 869 2166 classe
882 2101 1055 2206 plane
1087 2101 1164 2166 ad
1183 2119 1398 2167 rerum
1438 2101 1842 2170 conditionem
1867 2102 2238 2171 desdendu‘nt

287 2223 292 2227 ’
356 2241 430 2292 et.
455 2247 576 2310 -pro
634 2228 890 2294 mortuis
942 2228 1262 2295 habentur.
1341 2228 1476 2294 Nec
1517 2244 1716 2295 tamen
1755 2229 1876 2297 ho'c
1921 2230 2003 2297 ita
2055 2229 2247 2297 crude'

353 2356 764 2449 accipiendum
837 2355 943 2423 ‚uti
1027 2376 1063 2422 a
1141 2355 1501 2439 quibusdam
1577 2354 1804 2424 factum
1875 2356 2039 2440 fuit,·
2131 2356 2241 2441 qui

354 2481 535 2569 hujus
595 2482 900 2551 servitutis
968 2497 1236 2550 naturam
1292 2502 1327 2549 a
1375 2498 1571 2551 morte
1619 2483 2036 2567 deduxerunt,
2096 2485 2241 2552 cum'

353 2628 388 2676 e
437 2626 646 2679 contra
698 2631 775 2678 ex
826 2610 1041 2678 amissa
1089 2612 1360 2677 libertate
1408 2624 1473 2678 et
1520 2608 1725 2678 fictitia
1763 2610 1989 2678 do'mini
2023 2622 2238 2696 persoss

350 2753 429 2807 na
479 2738 775 2823 originem
823 2739 1039 2806 trahat.⁴

438 2865 718 2946 Denique
776 2867 929 2931 m'ale
966 2867 1041 2933 ad
1090 2864 1283 2933 unum
1336 2879 1529 2950 genus
1565 2878 1629 2931 et
1671 2866 1864 2933 media
1901 2878 1965 2932 et
1992 2864 2245 2933 maxima'

351 2991 568 3075 capitis
603 2991 915 3057 diminutio
945 2992 1200 3058 trahitur
1220 3011 1243 3057 τ
1291 2992 1499 3059 dicu'nt
1531 2995 1750 3073 nempe
1777 2991 1893 3057 hae
1920 2990 2069 3059 duas
2103 2986 2249 3058 alias

355 3116 695 3199 contineri3
756 3121 897 3181 cum·
925 3117 1075 3183 ratio
1094 3119 1301 3210 potius
1333 3116 1770 3183 intervertenda'
1804 3117 1928 3198 sit3'
1964 3117 2072 3199 qui
2088 3114 2247 3185 enim*

355 3245 652 3313 civitatem
687 3242 868 3311 habet
921 3258 985 3310 et
1029 3242 1297 3309 lihertate
1334 3238 1562 3309 fruitur
1588 3288 1613 3323 ,
1665 3242 1773 3323 qui
1821 3219 2099 3310 familiam
2139 3244 2249 3311 ha·'

355 3374 460 3441 bet
478 3420 503 3456 ,
578 3372 878 3456 integrum
952 3368 1175 3438 statum
1242 3368 1481 3436 retinet.
1590 3367 1794 3456 Quare
1860 3369 1915 3436 si
1976 3370 2241 3451 dicatur,

354 3519 489 3583 eos,
508 3500 615 3584 qui
631 3499 708 3565 ad
719 3498 1028 3565 metallum
1046 3498 1423 3579 damnantur,
1449 3505 1512 3563 e‘t
1535 3496 1824 3564 civitatem
1847 3513 1905 3563 et
1919 3497 2248 3567 libertatem

355 3630 629 3697 amittere
652 3673 677 3709 ,
718 3639 848 3693 non
884 3626 1131 3711 intelligi
1159 3625 1379 3708 debet,
1421 3633 1734 3707 απολιτεῖᾳ
1761 3631 2079 3695 accessisse
2123 3651 2247 3695 5131·-

352 3756 611 3826 vitutem·
633 3801 658 3836 ,
699 3772 835 3820 nam
871 3754 1014 3821 haec
1057 3767 1250 3822 status
1292 3753 1545 3823 mutatio
1587 3752 1921 3837 simpliciter
1971 3775 2059 3823 est
2091 3775 2251 3839 poe*

354 3902 474 3967 na,
513 3903 637 3967 qua
656 3882 757 3952 vel
771 3902 841 3951 ea·
874 3882 1165 3953 tolluntur
1178 3929 1203 3965 ‚
1267 3902 1375 3950 uae
1395 3879 1722 3968 suntJuris
1739 3882 2023 3955 Gentium
2047 3935 2067 3967 ,
2091 3887 2265 3963 qun·

1388 4008 1455 4076 G
2115 3995 2282 4071 huit:

2156 4667 2159 4676 ,,
2239 4595 2536 4715 223003'

2461 4731 2504 4839 ‚l

2493 3631 2968 3790 ,ι’
