3000 4917
642 415 720 504 6'8
1461 415 1702 498 ..ε-ἐ·-

740 628 827 693 At
851 625 924 689 de
946 620 1018 688 iis
1036 633 1233 687 tamen
1250 662 1275 699 ,
1306 615 1415 700 qui
1448 629 1594 701 post
1607 615 1915 698 capitalem
1932 614 2285 682 sententiam
2303 585 2532 682 veniam

657 747 952 833 impetrati
968 760 1135 814 erant
1151 793 1175 827 ,
1212 744 1507 829 peculiare
1536 742 1760 825 aliquid
1794 742 2098 810 invenitur
2115 790 2139 825 ‚
2182 741 2247 810 in
2284 758 2537 810 tractatu

654 859 730 944 ile
779 893 975 942 morte
1021 874 1181 940 civili
1233 861 1396 940 haud
1437 870 1883 956 negligendum.
1972 870 2045 935 In
2085 870 2532 953 capitularibus

654 997 812 1072 enim
885 1021 1039 1085 quae
1105 1001 1413 1067 Saxonum
1466 998 1623 1081 Legi
1673 997 1867 1063 addita
1917 994 2087 1062 fuere
2134 996 2281 1062 haec
2328 995 2537 1079 legun-¹

649 1144 789 1199 turs
834 1174 876 1211 ‚.,
916 1130 990 1195 de
1014 1117 1539 1206 malefactoribus,
1561 1124 1667 1206 qui
1688 1122 1841 1190 vitae
1856 1121 2184 1205 periculum
2201 1119 2534 1188 secun'dum

654 1302 700 1339 ,‚
742 1275 872 1324 ewa
903 1245 1208 1322 Saxonum
1242 1252 1545 1320 incurrere
1571 1250 1789 1318 debent
1804 1296 1830 1331 ,
1865 1248 2090 1332 placuit
2122 1248 2405 1315 omnibus
2425 1237 2534 1325 .J‚ut

655 1426 698 1464 „
738 1383 1173 1465 qualiscunque
1219 1400 1293 1446 ex
1347 1380 1497 1463 ipsis
1560 1380 1635 1445 ad
1672 1377 1888 1462 regiam
1928 1390 2282 1459 potestatem
2311 1374 2530 1442 consul

653 1553 698 1592 ‚,
736 1509 903 1594 gium
931 1508 1139 1577 fecerit
1169 1520 1274 1574 aut
1306 1507 1370 1571 in
1413 1505 1573 1572 illius
1607 1504 1690 1573 sit
1723 1518 2022 1588 potestate
2037 1548 2062 1585 ,
2103 1518 2301 1570 utrum
2348 1503 2530 1568 inter·

647 1643 696 1720 ᾗ,
733 1634 1052 1703 ficiendum
1081 1633 1198 1701 illis
1228 1634 1433 1704 reddat
1453 1680 1477 1715 ,
1506 1645 1612 1699 aut
1656 1649 1777 1700 una
1819 1650 1959 1699 cum
1987 1648 2287 1698 consensu
2317 1633 2525 1699 eo'rut'n‘

658 1806 701 1844 „
741 1761 961 1830 habeat
991 1760 1283 1829 licentiam
1316 1759 1520 1842 ipsum
1550 1749 1986 1827 malefactorem
2004 1803 2029 1838 ‚
2070 1777 2211 1825 cum
2249 1779 2437 1826 uxore
2453 1747 2529 1827 “et

652 1933 698 1970 ‚‚
736 1888 960 1957 familia
1004 1903 1067 1955 et
1111 1879 1311 1954 omnia
1354 1905 1466 1953 sua
1492 1884 1644 1953 foris
1679 1877 1927 1969 patriam
1958 1883 2112 1951 infra
2142 1904 2323 1969 regna
2361 1882 2475 1955 s'u'a
2496 1934 2520 1969 ‚

655 2057 698 2095 „
738 2013 933 2080 autin
949 2031 1180 2094 marca,
1213 2011 1321 2078 ubi
1356 2031 1465 2079 sua
1496 2010 1681 2078 fuerit
1719 2003 2006 2078 voluntas
2027 2014 2316 2080 collocare
2349 2029 2407 2079 et
2422 2019 2526 2084 ha:

647 2183 690 2221 „
730 2136 910 2205 beant
943 2157 1080 2207 eum
1119 2137 1293 2221 quasi
1325 2150 1643 2206 mortuum
1664 2138 1709 2169 ''
1760 2141 1895 2221 (14
1910 2137 1971 2224 ).
2053 2140 2255 2207 Status
2283 2142 2522 2211 illorum'

643 2264 958 2334 hominum
1001 2264 1340 2351 depingitur
1393 2264 1454 2330 in
1501 2265 1599 2330 his
1637 2264 1856 2332 verbis.
1937 2310 1979 2346 „
2017 2266 2212 2333 Prima
2250 2270 2520 2338 omnium

644 2438 690 2478 ‚‚
726 2394 804 2462 de
854 2392 971 2460 illis
998 2392 1196 2460 causis
1214 2437 1239 2474 ,
1279 2410 1396 2475 pro
1432 2390 1655 2475 quibus
1684 2392 1982 2477 judicatus
2022 2391 2209 2462 fuerit
2237 2397 2313 2464 ad
2341 2397 2523 2481 [mor-

640 2563 686 2602 ,‚
724 2531 844 2583 tem
869 2563 894 2599 ,
935 2495 1160 2584 nullam
1194 2532 1401 2600 potest
1423 2513 1619 2585 facere
1647 2517 2054 2601 repetitionem
2076 2568 2101 2604 ,
2134 2523 2277 2605 quia
2311 2519 2521 2594 omnes

640 2688 688 2727 ,‚
726 2661 825 2710 res
868 2660 1015 2709 suae
1059 2642 1389 2710 secundum
1429 2643 1729 2727 Judicium
1771 2646 2148 2715 Francorum
2179 2648 2243 2715 in
2275 2651 2522 2733 publico'

637 2815 684 2854 ‚.,
721 2766 970 2837 fuerunt
1011 2782 1320 2836 revocatae
1336 2815 1361 2851 ,
1422 2783 1482 2835 et
1533 2769 1588 2837 si
1643 2770 1871 2853 aliquid
1923 2775 1988 2839 in
2025 2777 2416 2857 postmodum
2463 2784 2519 2846 ‘ei
2604 2809 2609 2814 ·

644 2919 690 2980 5,
736 2894 857 2964 vita
891 2912 1179 2963 concessa
1235 2909 1327 2963 est
1343 2942 1368 2978 ‚
1428 2915 1567 2964 cum
1615 2898 1842 2982 justitia
1896 2900 2206 2984 adquirere
2254 2907 2522 2988 potuerit

642 3069 688 3108 „
706 3083 711 3086 .
728 3024 792 3092 in
829 3043 940 3093 sua
964 3023 1239 3092 libertate
1269 3038 1465 3092 teneat
1506 3038 1568 3092 et
1596 3025 1874 3095 defendat
1911 3031 2239 3101 secundum
2280 3036 2472 3118 legem
2495 3083 2521 3118 ‚

622 3131 690 3237 ⁸„
729 3153 794 3221 in
850 3152 1260 3223 testimonium
1302 3171 1429 3220 non
1469 3154 1832 3238 suscipiatur
1879 3174 1991 3223 nec
2040 3157 2195 3225 inter
2240 3161 2519 3230 scabinos

643 3323 690 3365 ,‚
727 3282 804 3348 ad
848 3282 1040 3368 legem
1092 3283 1466 3368 iudicandam
1518 3296 1815 3352 teneatur.
1895 3284 1982 3352 Et
2012 3285 2066 3352 si
2094 3288 2173 3354 ad
2194 3306 2525 3357 sacramen·

647 3449 692 3488 ‚‚
733 3419 862 3474 tum
918 3408 1166 3491 almuid
1195 3409 1250 3474 ei
1296 3408 1623 3494 judicatum
1675 3409 1858 3477 fuerit
1897 3413 2082 3494 quod*
2104 3409 2302 3498 jurare
2346 3416 2524 3482 debe·

640 3539 685 3614 ¹„
723 3547 784 3601 at
810 3581 837 3618 ,
907 3536 963 3606 si
1015 3537 1230 3619 aliquis
1285 3536 1488 3619 ipsum
1548 3551 1976 3608 sacramentum
2040 3539 2261 3609 falsum
2326 3541 2517 3609 dicere

2325 3715 2368 3753 „
2406 3690 2520 3740 vo·

731 3845 764 3910 (
781 3849 884 3912 ¹4)
931 3848 1056 3901 vid.
1105 3853 1421 3917 capitulare
1474 3855 1741 3907 Saxonum
1793 3856 1933 3922 Cap.
1984 3871 2068 3919 ro.
2107 3851 2257 3925 'apud
2287 3864 2511 3917 cancta-

636 3946 755 3984 mem
801 3933 946 3989 Tom-
990 3931 1095 3988 111.
1137 3947 1200 4001 p.
1246 3946 1369 3998 740·
