3000 4917
682 322 759 404 48
1505 326 1749 389 =

765 512 871 581 Ne
908 511 1091 596 igitur
1142 510 1312 595 iusto
1356 510 1599 593 longior
1650 510 1762 576 sim
1781 558 1806 591 ‚
1860 511 2066 593 paucis
2111 513 2310 581 verbis
2367 514 2568 582 dicere

683 639 939 710 sufficiat
953 686 978 721 ,
1019 638 1243 705 liberos
1288 638 1351 703 in
1384 638 1580 705 insula
1611 652 1786 705 natos
1817 640 1891 705 ad
1923 639 2218 707 civitatem
2237 689 2262 724 ,
2297 658 2565 709 caeteros

680 768 799 834 sub
859 780 1218 851 potestatem
1291 756 1483 832 redire
1547 770 1582 838 t
1599 766 1728 849 47)
1791 781 2206 835 testamentum
2272 783 2410 835 ante
2459 772 2563 837 de-

678 898 1076 980 portationem
1126 896 1351 963 factum
1378 896 1790 963 convalescere
1821 894 1971 979 (48)
2011 896 2171 963 bona
2205 861 2413 964 fffiseo
2458 916 2566 962 oc-

676 1037 893 1107 cupata
902 1022 1175 1107 restitui3
1198 1022 1475 1090 den-actis
1500 1036 1730 1092 tantum
1748 1022 2104 1105 quibusdam
2123 1072 2148 1107 ,
2168 1044 2325 1106 quae
2335 1044 2560 1091 memo-

678 1165 771 1217 rat
799 1170 944 1218 mc.
982 1168 1335 1217 nummus
1366 1150 1548 1236 (50).
1579 1151 1860 1234 Denique
1895 1151 2101 1233 iniis,
2139 1172 2294 1235 quae
2329 1166 2464 1219 ante
2493 1167 2558 1219 et

678 1278 927 1346 durante
974 1278 1199 1365 exsilio]
1243 1278 1539 1346 contraxit
1558 1324 1584 1360 ,
1625 1277 1876 1347 civiliter
1918 1262 2166 1362 obligari
2193 1280 2390 1345 eadem
2421 1276 2555 1345 rati·

672 1422 791 1471 one
804 1452 829 1487 ‚
895 1424 1016 1487 qua
1066 1406 1165 1472 ille
1185 1451 1209 1487 ‚
1244 1407 1350 1487 qui
1399 1404 1475 1472 ab
1517 1406 1785 1473 hostium
1835 1407 2168 1489 captivitate
2201 1404 2554 1486 revertitur,

673 1548 1000 1615 numquam
1044 1533 1342 1600 civitatem
1400 1532 1706 1600 amsisisse
1751 1548 2062 1599 censetur,

754 1660 897 1727 Sive
940 1658 1124 1743 igitur
1159 1660 1234 1726 ad
1280 1678 1438 1742 aqua
1488 1676 1551 1725 et
1584 1660 1706 1743 igni
1755 1660 2220 1727 interdictionem
2237 1708 2262 1743 ,
2311 1661 2436 1727 sive
2477 1661 2556 1727 ad

672 1787 906 1855 insulae
934 1784 1241 1853 vinculum
1260 1834 1285 1869 ,
1320 1785 1451 1853 sive
1482 1788 1561 1853 ad
1592 1786 2024 1856 restitutionem
2048 1836 2072 1870 ‚
2103 1788 2286 1855 immo
2317 1788 2396 1854 ad
2412 1775 2558 1853 'eon-

674 1914 1001 1982 fiscationis
1038 1915 1312 1997 sequelas
1342 1916 1712 1982 attendamus
1734 1961 1758 1996 ,
1796 1913 2096 1981 fatendum
2131 1920 2224 1980 est
2239 1959 2263 1994 ‚
2299 1913 2360 1979 in
2389 1914 2554 1979 hisce

670 2042 959 2109 omnibus
986 2058 1295 2123 nunquam
1332 2040 1407 2107 de
1446 2054 1640 2107 morte
1689 2040 1986 2124 cogitasse
2035 2040 2382 2121 Romanos,
2443 2040 2553 2105 sed

674 2187 753 2235 eo
796 2168 1000 2235 omnia
1034 2168 1131 2235 illa
1165 2168 1407 2235 tendere
1424 2213 1450 2249 ,
1505 2180 1578 2233 ut
1625 2168 1901 2235 exsulum
1935 2166 2215 2235 conditio
2267 2166 2350 2235 sit
2399 2166 2497 2233 illa
2523 2212 2552 2249 ‚

678 2314 833 2379 quae
865 2295 1191 2380 peregrinis
1222 2309 1329 2363 aut
1362 2293 1704 2363 extorribus
1736 2294 1982 2379 propria
2017 2310 2147 2379 est3
2195 2296 2368 2363 exsul
2395 2292 2554 2361 enim

671 2424 968 2492 civitatem
1004 2423 1219 2490 amittit
1237 2470 1261 2505 ,
1312 2436 1497 2507 atque
1523 2422 1666 2489 hinc
1698 2436 1917 2507 sponte
1949 2422 2147 2489 omnia
2179 2422 2364 2491 fluere
2405 2423 2556 2491 vidi-

672 2570 809 2618 mus
829 2597 853 2632 ,
891 2565 1263 2633 quapropter
1289 2565 1492 2619 utrum
1526 2563 1688 2618 recte
1733 2570 1809 2615 ex
1833 2550 1980 2635 Jure
2031 2548 2311 2616 Romano
2343 2550 2556 2617 deduci

668 2674 869 2761 possit
890 2694 1060 2743 mors
1110 2676 1305 2743 civilis
1323 2725 1348 2760 ,
1394 2678 1457 2743 in
1488 2691 1800 2762 posterum
1849 2674 2253 2759 inquiremus:
2315 2688 2555 2743 transeo

676 2801 857 2889 igitur
886 2805 961 2871 ad
992 2804 1303 2871 maximam
1344 2805 1555 2890 capitis
1590 2804 1980 2873 minutionem
1999 2849 2025 2886 ,
2060 2804 2236 2889 cujus
2265 2800 2554 2887 originem

669 2951 853 3016 supra
896 2934 1173 3017 exposui.

760 3061 1022 3129 Constat
1064 3076 1263 3129 autem
1312 3062 1481 3130 initio
1531 3062 1733 3129 nullos
1782 3060 1974 3130 fuisse
2024 3078 2252 3145 poenae
2307 3078 2517 3129 servos
2534 3105 2562 3142 ,

678 3188 799 3255 nisi
844 3189 919 3255 ad
962 3190 1239 3257 ultimum
1286 3190 1599 3257 damnatos
1661 3188 2024 3273 supplicium
2048 3236 2073 3271 ,
2124 3188 2233 3254 sed
2294 3186 2566 3271 sequenti
2613 3246 2620 3251 .

676 3328 948 3396 tempore
994 3314 1165 3382 etiam
1190 3316 1232 3380 ii
1260 3362 1284 3397 ,
1338 3316 1444 3398 qui
1482 3319 1558 3384 ad
1594 3332 1915 3399 perpetuas
1959 3336 2173 3400 operas
2213 3316 2566 3382 condemna·

682 3439 900 3508 bantur
917 3488 942 3524 ,
970 3442 1303 3509 libertatem
1339 3458 1401 3509 et
1428 3443 1732 3511 civitatem
1765 3444 2135 3512 amittebant.
2217 3442 2436 3524 Neque
2466 3439 2566 3505 hic

2495 3566 2571 3633 de

790 3714 940 3781 (48)
986 3716 1053 3767 L.
1102 3719 1208 3767 ule.
1256 3717 1383 3786 φοί.
1418 3719 1483 3768 de
1524 3721 1837 3771 sententiam
1874 3723 2078 3786 passis.

792 3796 939 3861 (49)
985 3798 1054 3848 L.
1102 3798 1157 3850 6.
1196 3798 1246 3863 5.
1295 3802 1400 3851 ult.
1427 3802 1497 3863 ff.
1545 3804 1608 3851 de
1655 3803 1866 3862 Iniuste
1920 3816 2046 3869 rupe
2100 3806 2187 3857 vel
2229 3803 2389 3855 irrito
2433 3810 2565 3856 test.

792 3880 939 3945 (so)
971 3880 1088 3931 Nic.
1138 3894 1350 3937 aaron.
1381 3886 1445 3934 de
1464 3886 1596 3946 Jur.
1629 3887 1863 3940 Exulem
1894 3888 2018 3943 Lib.
2051 3889 2157 3944 111.
2187 3905 2238 3947 c.
2265 3904 2322 3952 9·
2397 3880 2405 3887 “
