3000 4917
1311 412 1553 435 ῌ

1310 373 1556 408 ...-.
2247 380 2379 458 „8⁵

460 573 764 621 uacuum
841 565 1247 634 succurrent,
1331 555 1664 623 secundum
1740 557 1930 642 legem
1999 560 2367 629 Francorum

457 684 535 748 ad
600 697 852 748 mortem
922 681 1113 749 fuisse
1192 681 1556 750 damnatum.
1641 680 1743 753 Sic
1806 683 1960 767 (51)
2018 705 2364 755 flammeus

460 808 546 876 11.
601 807 885 891 Regnum
979 806 1317 891 suscipiens
1387 808 1727 878 saxonibus
1824 810 2126 894 pollicitus
2211 828 2305 882 est
2331 860 2359 897 ‚

454 954 524 1001 se
570 936 897 1002 secundum
947 935 1139 1018 legem
1185 953 1394 1003 eorum
1433 937 1836 1021 judicaturum
1864 985 1887 1018 ,
1941 939 2049 1020 qui
2106 940 2349 1022 quidem

459 1080 801 1129 nummus
838 1061 1118 1129 Marchio
1162 1082 1305 1131 cum
1334 1057 1634 1131 Ducatum
1667 1063 1940 1130 Bavariae
1975 1080 2202 1148 peteret
2232 1087 2361 1136 res·

438 1189 695 1272 ‚pondit0
792 1234 836 1270 „
875 1188 1103 1256 Nonne
1186 1188 1354 1257 scitis
1439 1190 1560 1257 hoc
1636 1189 1702 1255 in
1778 1191 1888 1257 hac
1990 1193 2362 1276 expeditione

461 1360 504 1396 ‚‚
545 1334 670 1382 non
732 1333 918 1400 posse
972 1316 1096 1385 fieri
1117 1364 1140 1399 ‚
1204 1316 1434 1384 Bavarii
1492 1317 1570 1383 ab
1628 1315 1797 1383 initio
1845 1317 2066 1383 habent
2111 1318 2359 1387 liberam

439 1486 502 1525 .„
539 1457 898 1527 potestatem
960 1443 1074 1511 sibi
1109 1442 1364 1529 eligendi
1399 1442 1611 1511 ducem
1634 1490 1659 1525 ,
1714 1460 1843 1509 non
1893 1444 2063 1510 decet
2093 1463 2199 1516 eos
2233 1461 2356 1514 tam

430 1613 502 1654 -‚‚
538 1571 743 1640 subito
788 1571 1039 1656 abjicere
1060 1616 1084 1652 ,
1135 1589 1334 1652 neque
1381 1569 1834 1639 constitutionis
1875 1571 2156 1655 antiquae
2202 1575 2305 1658 J'us
2326 1619 2354 1656 ‚

433 1736 509 1777 ·„
546 1696 776 1777 absque
835 1713 1140 1765 consensu
1204 1714 1412 1761 eorum
1478 1696 1901 1778 confringere3
1960 1699 2069 1763 sed
2115 1698 2192 1773 si.
2228 1700 2363 1766 vult

458 1867 504 1905 ‚‚
540 1820 872 1899 (Marchio
896 1825 967 1906 ),
1005 1835 1315 1903 expectare
1334 1867 1358 1902 ,
1432 1839 1630 1902 usque
1697 1796 1859 1887 dum
1935 1841 2052 1906 ego
2120 1822 2352 1902 veniam

460 1995 504 2032 ‚..
541 1950 615 2015 ad
656 1949 765 2016 has
818 1947 1130 2033 regiones,
1205 1967 1345 2015 cum
1393 1947 1720 2022 communi,
1751 1948 2089 2031 principum
2151 1950 2354 2023 consi-

418 2158 423 2162 ,
458 2121 505 2159 ‚,
545 2076 629 2145 fio
655 2096 724 2141 ac
754 2076 1062 2143 voluntate
1083 2122 1106 2157 ‚
1150 2076 1205 2142 ei
1243 2075 1492 2142 libenter
1528 2072 1925 2144 satisfaciam”
1962 2076 2141 2160 (52).
2222 2077 2355 2145 Ne·

428 2224 569 2288 .que
617 2217 843 2270 tantum
888 2203 1035 2269 haec
1069 2202 1308 2271 saeculo
1343 2203 1662 2270 undecimo
1699 2205 1808 2270 sed
1862 2203 2138 2286 sequenti
2173 2204 2347 2287 etiam

447 2333 761 2399 valuerunt
842 2349 983 2397 cum
1088 2347 1437 2411 ¹auruncus
1540 2329 1628 2393 V.
1707 2346 2155 2397 conssrntntm
2246 2348 2341 2398 nt

449 2477 586 2524 xuc
654 2475 792 2523 cum
853 2455 1073 2535 fratre,
1137 2453 1465 2522 secundum
1527 2454 1754 2540 Legem
1825 2455 2080 2522 Salicam
2141 2455 2339 2541 (53),

417 2603 562 2666 ,qua
606 2598 793 2651 terras
843 2602 983 2650 suas
1033 2581 1313 2664 tenebat,
1349 2583 1795 2650 condemnavit.
1883 2583 2070 2670 Quod
2113 2587 2167 2651 si
2207 2586 2333 2669 jam

441 2713 521 2779 ab
571 2715 749 2779 altera
813 2727 980 2794 parte
1045 2709 1194 2776 nihil
1268 2711 1511 2781 suadeat
1529 2757 1553 2793 ,
1627 2728 1817 2776 novas
1877 2730 1913 2776 a
1961 2709 2339 2793 Principibus

444 2840 714 2905 condrtas
788 2837 980 2906 fuisse
1058 2839 1219 2919 leges
1241 2883 1265 2918 ,
1343 2851 1448 2905 aut
1533 2837 1905 2919 antiquiores
1979 2832 2292 2918 abrogatas
2312 2883 2338 2917 ‚

420 2981 578 3030 .non
610 2965 684 3029 de
710 2978 875 3030 textu
891 2963 1145 3045 amplius
1173 2963 1445 3044 quaestio
1474 2964 1666 3031 oritur
1682 3011 1707 3045 ‚
1748 2963 1858 3028 sed
1892 2961 2179 3027 historice
2210 2961 2339 3026 dis·

447 3090 802 3174 quirendum
826 3133 852 3170 ‚
888 3105 1183 3170 quatenus
1220 3088 1559 3155 executioni
1572 3089 1706 3155 illae
1740 3085 2048 3169 potuerint
2080 3084 2340 3152 mandari

446 3236 516 3286 ac
587 3232 876 3297 quaenam
940 3212 1090 3291 ,hinc
1154 3213 1589 3281 consuetudine
1670 3226 1730 3278 et
1797 3209 2085 3294 temporis
2161 3211 2335 3295 lapsu

450 3344 754 3427 antiquata
785 3354 890 3407 aut
917 3338 1238 3422 subiuncta
1271 3335 1522 3403 fuerint.

2180 3464 2329 3532 Non

549 3700 582 3762 (
599 3694 709 3764 51)
740 3696 1031 3748 Annalisea
1068 3697 1213 3755 Saxo
1258 3702 1316 3757 p.
1364 3696 1478 3757 ⁸⁸5.

428 3838 440 3849 ,
545 3784 705 3847 (sa)
728 3781 1205 3841 Annalista‚Saexo
1248 3790 1331 3844 p..
1358 3781 1479 3841 384.

554 3867 708 3930 (53)·
751 3866 890 3916 Idem
934 3874 995 3931 p.
1044 3866 1160 3926 673.

1355 3964 1412 4031 L
1459 3985 1495 4048 3
