3000 4917
1213 436 1459 517 =
2023 497 2026 501 ,
2180 440 2305 510 209

390 600 722 702 perierant
763 619 945 702 atque
1007 619 1098 685 sic
1167 619 1243 686 ad
1310 617 1573 691 Galliam
1627 620 1897 703 migravit
1940 617 2113 702 Juris
2167 616 2306 686 Ro·

389 748 547 811 mani
590 765 745 812 usus
800 748 982 831 (49).
1083 746 1234 813 Non
1298 761 1496 814 tamen
1549 746 1737 828 illud,
1784 749 1957 831 quod
2009 716 2305 815 in'vad‘em
2398 726 2424 740 ⁴

387 873 552 939 tibus
626 872 901 941 Barbaiis
976 875 1041 940 in
1104 875 1467 958 compendia
1515 876 1821 941 redactum
1872 875 2070 941 fuerat
2094 919 2123 958 ,
2182 875 2301 941 sed

389 1013 660 1067 recenter
724 1003 1033 1078 detectum
1105 1003 1213 1087 jus
1259 1000 1744 1084 Justinianeu'm.
1830 1000 1973 1068 Hoc
2028 1013 2177 1068 vero
2204 998 2305 1069 'ex'

391 1127 562 1195 Italia
623 1130 882 1211 petitum
908 1174 934 1210 ,
1011 1146 1232 1214 sponte
1278 1133 1399 1217 jam
1448 1131 1810 1215 intelligitur
1865 1127 2136 1195 Francos
2172 1144 2310 1226 non*

349 1338 352 1341 Ι
393 1256 529 1323 sine
577 1248 1025 1324 commentariis
1079 1273 1264 1341 atque
1309 1262 1475 1325 notis
1517 1259 1868 1342 accepisse,
1928 1254 2158 1337 quibus
2190 1254 2307 1323 ho-'

397 1356 662 1451 minum?
695 1386 1045 1453 actionibus
1123 1405 1200 1453 eo
1259 1399 1540 1467 tempore
1613 1383 1809 1450 fuerat
1885 1376 2309 1449 accom‘tnoda·

397 1525 529 1579 tum
551 1556 578 1593 ‚
644 1511 727 1579 ita
790 1527 862 1578 ut
950 1515 1230 1594 quodam*
1310 1509 1612 1578 breviario
1691 1528 1841 1577 usos
1915 1502 2115 1578 fuisse
2184 1510 2319 1578 dici'

398 1640 625 1720 possit.
713 1638 856 1704 Tali
906 1639 1185 1720 exemplo
1214 1641 1702 1722 non'analogiam
1735 1639 2038 1722 scrutari,
2077 1628 2319 1707 sed‘ue

403 1763 680 1845 magistri
699 1764 763 1828 in
779 1762 983 1829 verbis
998 1763 1238 1830 haerere
1254 1765 1620 1832 didicerunt.
1646 1766 1954 1834 Praeterea
1972 1740 2314 1848 hucusque

409 1889 896 1956 consuetudines
947 1908 982 1955 a
1030 1889 1368 1973 majoribus
1414 1894 1735 1961 translatas
1786 1894 1854 1959 in
1906 1895 2044 1977 iure
2093 1884 2327 1961 ducens

420 2017 752 2091 habuerant
767 2062 793 2099 ,
847 2035 918 2084 ac
954 2016 1237 2100 quamvis
1266 2035 1340 2084 ex
1367 2019 1514 2103 Jure
1551 2019 1838 2087 Romano
1858 2026 1995 2086 'seu
2030 2019 2268 2103 scripto
2284 2063 2315 2101 ,

416 2132 610 2213 rnulta
694 2144 1025 2231 subjuncta
1118 2145 1385 2228 primum
1407 2192 1432 2228 ‚
1500 2147 1720 2215 deinde
1740 2184 1747 2191 ·
1768 2160 2000 2216 mutata
2020 2145 2320 2229 -fuerint,

410 2272 634 2341 mansit
689 2287 892 2340 tamen
926 2274 1030 2340 ille
1076 2291 1214 2339 mos
1234 2318 1260 2355 ‚
1297 2276 1523 2357 quoin
1574 2274 1908 2348 dirimenda
1955 2264 2318 2359 quaestione

415 2402 492 2465 ad
557 2418 672 2480 ea,
747 2417 905 2482 quae
971 2400 1093 2488 hoc
1145 2420 1295 2468 casu
1350 2401 1483 2467 fieri
1541 2402 1859 2483 solebant3
1902 2398 2328 2483 recurrerent‚'

410 2529 576 2595 unde
624 2528 787 2610 apud
822 2526 1044 2593 Gallos
1079 2524 1331 2609 profluit
1362 2545 1434 2592 ea
1479 2525 1566 2592 rei
1624 2527 1931 2612 judicatae
1982 2529 2317 2596 auctoritas

338 2705 342 2709 .
417 2657 452 2742 <
468 2657 932 2743 jurisprudence
967 2655 1076 2721 des
1107 2638 1393 2737 arrets),
1435 2671 1597 2739 quae
1644 2639 1711 2722 in
1767 2654 2067 2724 hodierna·
2104 2672 2328 2739 proce·

418 2785 604 2850 den'di
678 2782 877 2849 forma
963 2784 1159 2849 adhuc
1221 2782 1635 2865 conspicitur.
1738 2780 2055 2866 Respectu
2135 2780 2345 2869 hujus·

418 2910 837 2977 conversionis
872 2910 1061 2992 igitur
1120 2908 1494 2977 forbannum
1550 2910 2031 2993 investigemus3
2064 2894 2171 2974 'ut'
2217 2916 2327 2991 api

422 3051 667 3119 pareat,
740 3038 950 3118 quales
1017 3055 1087 3101 ac
1155 3034 1415 3118 'quantas
1486 3037 1856 3102 mutationes
1906 3033 2021 3099 hac
2075 3035 2329 3115 periodo

418 3131 694 3231 subierit.
749 3161 853 3226 Sic
889 3179 1075 3242 supra
1104 3162 1417 3243 vidimus,
1454 3159 1832 3228 forbannum
1874 3161 2039 3243 apud
2064 3160 2347 3244 majores*

428 3292 599 3375 regni
646 3289 1014 3377 feodatarios
1083 3290 1481 3369 remansisse,
1558 3289 1647 3353 ita
1699 3300 1770 3351 ut
1852 3285 2135 3369 superius
2193 3282 2327 3354 non
2388 3358 2393 3363 ,

420 3432 824 3502 agnosceret,
893 3414 1104 3480 soluto
1155 3415 1217 3480 in
1270 3414 1349 3479 iis
1401 3414 1543 3479 cum
1590 3411 1763 3497 Rege
1797 3413 2074 3481 vinculo.
2158 3411 2328 3480 Hine

307 3508 317 3517 ο
422 3565 538 3632 pro
616 3545 778 3612 varia
861 3541 1211 3626 provinciae
1283 3541 1636 3608 conditione
1709 3540 1955 3625 gravius
2023 3535 2326 3610 leniusve.

2074 3666 2081 3675 ‘
2154 3645 2334 3740 'Nam

525 3864 684 3932 (49)
747 3862 869 3916 Vid.
918 3876 1147 3923 nouam>
1204 3867 1469 3923 Diseours
1529 3863 1909 3917 Prlteminaire
1951 3861 2024 3913 ad
2066 3861 2324 3915 Institut-

430 3950 731 4015 Liltleton,
783 3960 840 4014 p.
890 3963 974 4013 30.

1380 4060 1497 4126 Dd
