3000 4917
1332 341 1572 418 ΞΕ...-
2279 364 2414 432 ης,

507 540 746 623 ruerit,
798 557 921 606 non
989 554 1185 626 tamen
1231 553 1421 604 omne·
1455 537 1642 624 hujus
1674 537 2404 626 reimomentumnspemi

505 669 724 736 debere
760 665 1083 746 -arbitror,
1145 684 1335 748 quum
1384 663 1574 733 totius
1640 664 1900 734 instituti
1946 666 2046 737 vis
2117 667 2182 732 in
2211 679 2411 735 ‘tene-

506 799 633 865 bris
659 844 685 878 ‚
722 794 951 880 quibus
992 791 1433 862 obvolvebatur
1447 840 1473 874 ‚
1506 791 1706 876 posita
1736 806 1897 862 esset
1914 838 1939 876 ,
1973 812 2042 861 ac
2073 792 2308 863 facilius
2333 794 2408 861 in

509 923 777 1006 historia¹
823 923 1025 989 locum
1073 918 1333 988 inveniat
1388 919 1609 988 bellum
1673 941 1748 986 ex
1807 919 2252 1005 proscriptione
2281 939 2412 989 -or-

512 1067 647 1119 tum
720 1069 903 1134 quam
990 1048 1172 1116 unius
1240 1045 1353 1114 vixi
1430 1048 1641 1114 caedes
1723 1047 1800 1114 ab
1889 1040 2198 1132 incognito
2263 1047 2415 1117 sien-

511 1178 607 1248 rio
687 1190 1047 1261 perpetrata.
1160 1175 1443 1258 Denique
1508 1191 1762 1242 cauom
1828 1174 1922 1240 lv
2007 1193 2184 1242 aurea
2231 1175 2421 1243 -bulla

516 1305 839 1374 maximum
876 1302 1158 1371 forbanni
1190 1316 1562 1371 momentum
1619 1300 1820 1386 periit.
1898 1303 2061 1371 Cum
2098 1279 2255 1369 enim
2277 1346 2292 1360 ‹
2307 1321 2422 1386 po-

520 1431 847 1500 tentiorum
913 1431 1271 1500 vasallorum
1331 1432 1467 1516 jura
1531 1431 1608 1497 ad
1665 1431 1992 1498 electorum
2040 1428 2424 1500 imitationem

521 1561 822 1650 summum
870 1562 1108 1626 culmen
1152 1559 1485 1642 tetigissent
1503 1606 1530 1640 ‚
1587 1543 1664 1625 eo
1721 1556 1908 1642 magis
1960 1559 2244 1627 studuere
2308 1559 2428 1626 Im-

525 1705 829 1774 peratores
847 1735 873 1769 ,
948 1701 1016 1754 nt
1088 1705 1233 1752 suas
1304 1684 1660 1753 Provincias.
1717 1700 2002 1768 augerent
2079 1701 2204 1751 non
2272 1685 2430 1778 ptis·
2549 1721 2556 1726 ·

524 1817 707 1884 tinam
787 1815 1311 1899 praedecessorum
1402 1810 1754 1896 dignitatem
1843 1810 1994 1877 resti·
2014 1829 2181 1878 uere.
2280 1811 2424 1878 Hoc

525 1963 717 2030 scopo
764 1997 771 2002 .
800 1942 1243 2026 proscriptione
1343 1937 1614 2025 inprimis
1697 1936 1891 2006 fuisse
2003 1957 2152 2007 usos
2267 1951 2432 2006 vete-
2487 1995 2494 2004 .

509 2091 627 2138 res
692 2069 1052 2138 Germaniae
1118 2067 1319 2154 Reges
1391 2086 1577 2151 supra
1655 2064 1945 2151 exposui:
2008 2067 2085 2132 ad
2137 2065 2428 2134 minorem

508 2197 714 2284 ›igitur
772 2196 1085 2266 hominum
1140 2198 1393 2265 classem
1444 2194 1752 2264 descendit
1771 2241 1796 2276 ‚
1847 2214 2008 2278 quos
2055 2209 2176 2263 tam
2221 2195 2431 2264 acriter

510 2365 517 2374 ·
528 2324 815 2412 persequi
894 2325 1275 2408 Imperatoris
1330 2341 1546 2407 parum
1611 2321 1890 2390 intererat
1911 2367 1938 2402 ,
2017 2343 2160 2390 cum
2219 2321 2434 2406 nequi*

510 2455 663 2520 -dem
722 2451 903 2521 feuda
948 2453 1025 2520 ad
1076 2471 1186 2534 se,
1235 2451 1345 2518 sed
1396 2451 1473 2518 ad
1523 2447 1846 2532 dominos,
1903 2453 2155 2537 majores
2196 2449 2435 2536 Imperii

531 2580 891 2650 feudatarios
910 2629 935 2662 ‚
982 2593 1441 2680 reverterentur.
1532 2579 1695 2648 Hinc
1730 2579 2100 2664 privatorum
2120 2580 2402 2665 proscrip
2415 2613 2431 2630 ·

529 2708 619 2778 tio
639 2758 665 2792 ‚
716 2709 897 2777 sicuti
946 2709 1188 2776 nomine
1252 2711 1375 2794 jam
1424 2707 1501 2776 ab
1570 2708 1742 2776 initio
1813 2707 2166 2793 provinciali
2229 2708 2430 2776 banno

531 2817 742 2904 similis
771 2836 1010 2918 fuerat,
1042 2855 1117 2902 eo
1158 2836 1337 2903 etiam
1370 2855 1466 2902 re.
1485 2853 1548 2904 et
1581 2835 1798 2905 effectu
1837 2837 2032 2903 redire
2080 2835 2320 2918 coepit,
2352 2836 2434 2900 in

533 2976 603 3027 nt
641 2979 769 3026 non
822 2963 1111 3030 omnibus
1163 2964 1273 3030 sed
1313 2963 1501 3046 judici
1537 2977 1788 3030 tantum
1849 2963 2289 3044 permitteretur
2333 2977 2438 3026 ne-

532 3107 667 3154 care
684 3088 1174 3154 condemnatum.
1217 3087 1459 3154 Rursus
1489 3061 1686 3154 autem
1723 3089 1836 3154 hic·
1851 3090 2051 3154 videre
2080 3103 2174 3152 est
2191 3133 2216 3168 ‚
2254 3107 2435 3170 quam

522 3215 900 3300 negligenter
968 3216 1327 3298 plerumque
1402 3214 1514 3279 hae
1579 3233 1810 3280 causae·
1841 3215 1904 3279 in
1963 3214 2146 3282 curiis
2214 3201 2481 3282 fuerint*

531 3341 783 3427 agitatae
802 3387 827 3422 ‚
860 3356 963 3406 aut
979 3339 1186 3423 potius
1208 3387 1233 3419 ‚
1263 3358 1448 3421 quam
1463 3357 1659 3406 rarum
1697 3339 1878 3407 fuerit
1897 3343 2230 3424 exemplum
2251 3391 2275 3422 ‚
2305 3362 2433 3426 quo
2503 3310 2510 3318 Ι

516 3470 819 3555 judicatae
883 3469 969 3534 rei
1038 3453 1447 3533 auctoritatem
1513 3465 1660 3532 haec
1704 3467 1914 3540 ,thesis
1969 3469 2279 3553 adquirere
2313 3491 2438 3554 po-

514 3596 717 3666 ·tuerit
733 3644 759 3678 ‚
821 3594 1107 3679 quoniam
1171 3594 1377 3661 adhuc.
1434 3593 1748 3662 recentiori
1811 3607 2001 3663 aetate
2063 3599 2432 3682 disputatum

514 3725 662 3806 ·slt.·‚
699 3744 829 3808 quo
868 3741 1053 3792 sensu
1088 3722 1268 3790 banni
1301 3723 1564 3792 formula
1609 3724 1685 3790 de
1717 3726 1837 3792 vita
1867 3725 2268 3810 delinquentis
2300 3729 2437 3796 uni·-

530 3853 761 3953 cuique·
796 3851 1219 3920 committenda
1272 3852 1463 3935 accipi
1510 3851 1746 3950 debeat„
1831 3854 2080 3941 Quodsi-
2105 3857 2262 3922 enim
2301 3825 2437 3936 plu·

1494 3980 1556 4067 Q
1575 3997 1582 4001 ·
1601 4001 1646 4064 3-
2340 3997 2436 4044 res
