3000 4917
1311 405 1566 465 Ξ
2266 406 2389 475 24}

450 581 868 659 Romanorum
889 630 914 667 ,
964 584 1051 651 ita
1097 600 1258 666 quae
1310 583 1409 650 his
1449 580 1599 666 iuris
1648 584 1923 668 gentium
1972 581 2375 664 dicebantur,

451 711 707 778 civiliter
755 712 1015 779 mortuis
1097 711 1328 792 licent,
1388 710 1670 793 quamvis
1748 714 2055 783 nemo-in
2119 710 2375 778 dubium

454 839 744 921 vocabit,
816 842 969 922 quin
1038 840 1210 905 valde
1264 840 1424 906 inter
1492 837 1763 904 diversas
1816 837 2104 924 Europae
2162 854 2378 925 gentes
2444 868 2449 873 ·

459 968 777 1033 vinculum
860 966 944 1031 sit
1011 982 1344 1035 mutatum.
1425 964 1619 1050 Igitur
1671 967 1943 1047 donare,
2000 982 2241 1048 emere,
2287 969 2383 1041 lo,-

457 1110 593 1158 care
609 1137 635 1173 ,
675 1093 1023 1171 conducere
1041 1139 1066 1174 ,
1083 1090 1306 1162 foenus
1327 1113 1603 1162 exercere
1618 1093 1868 1180 pignori
1886 1092 2028 1158 dare
2058 1108 2323 1174 possunt
2342 1113 2372 1175 ς

462 1223 540 1287 de
570 1224 838 1291 cacteris
875 1222 1178 1290 similibus
1219 1224 1549 1292 hodiedum
1583 1223 1902 1307 disputant
1939 1220 2123 1307 (60).
2210 1217 2376 1287 Hinc

461 1367 578 1417 nec
615 1369 734 1433 ego
783 1351 930 1421 haec
985 1353 1238 1423 definire
1281 1355 1577 1422 conabor.

545 1477 865 1564 Quidquid
914 1484 1103 1568 hujus
1157 1483 1244 1550 rei
1288 1483 1419 1563 sit,
1462 1482 1835 1568 hucusque,
1869 1482 2151 1566 quamvis
2188 1495 2382 1549 cacte-

463 1605 690 1687 roquin
763 1623 934 1672 mors
983 1608 1183 1674 civilis
1225 1611 1531 1678 universis
1570 1611 1729 1696 juris
1783 1610 2013 1679 Gallici
2062 1608 2382 1694 principiis

465 1735 532 1799 in
604 1733 885 1816 pluribus
954 1735 1034 1800 sit
1099 1735 1398 1801 contraria
1416 1780 1441 1815 ,
1519 1735 1732 1818 aliquo
1801 1750 2004 1805 tamen
2046 1746 2384 1825 ⁴systemate

463 1858 752 1940 nititurs
801 1861 1094 1943 quoniam
1168 1860 1500 1929 verborum
1579 1840 1975 1930 similitudine
2027 1864 2218 1931 multa
2277 1880 2386 1928 ve-

468 1989 695 2053 lantur.
762 1989 1085 2054 -Praeterea
1106 2031 1131 2069 ,
1193 2004 1351 2070 quae
1413 1986 1673 2054 civiliter
1711 1991 1974 2056 mortuis
2010 1989 2379 2072 permittun-

472 2128 574 2178 tur
652 2115 1098 2197 antiquiorrbus
1179 2117 1736 2184 consuetudinibus
1798 2135 1927 2185 non
1997 2129 2383 2202 repugnant,

476 2243 767 2324 quoniam
863 2245 970 2327 jus
1046 2243 1200 2309 illud
1273 2258 1421 2326 post
1498 2245 1844 2311 restitutam
1956 2243 2384 2311 Romanorum

466 2371 1007 2454 jurisprudentiam
1030 2415 1057 2451 ,
1127 2371 1370 2436 demum
1444 2369 1568 2438 fuit
1619 2386 2005 2454 susceptum.
2100 2371 2231 2438 Imo
2280 2387 2384 2436 ca-

472 2499 620 2583 pitis
641 2474 649 2483 ¹*
670 2499 1027 2566 minutionis
1073 2501 1370 2567 terminos
1422 2500 1709 2566 excedere
1762 2512 2099 2583 potuerunt
2147 2499 2215 2565 in
2257 2498 2337 2566 iis
2357 2541 2387 2581 ,

474 2646 630 2711 qnae
698 2629 1043 2696 nullatenus
1111 2646 1256 2695 cum
1318 2626 1468 2711 Jure
1542 2627 1833 2697 Romano
1894 2624 2385 2708 conveniebant,

481 2775 747 2838 quorum
839 2773 1068 2824 nomen
1167 2758 1246 2823 ¹in
1343 2774 1606 2839 corpore
1702 2757 1860 2842 juris
1959 2755 2342 2838 incognitum
2361 2797 2388 2835 ‚

475 2886 531 2947 si
579 2885 772 2948 modo
840 2898 1118 2948 caverent
1137 2929 1163 2965 ‚
1219 2898 1290 2948 ut
1362 2899 1672 2951 externam
1729 2898 2037 2950 servarent
2081 2883 2391 2963 analogiae
2434 2904 2441 2913 ·

476 3009 772 3091 speciem.
869 3009 959 3071 At
1015 3025 1157 3072 cum
1219 3011 1297 3072 de
1347 3010 1425 3073 iis
1483 3023 1807 3090 ageretur,
1870 3026 2028 3091 quae
2067 3024 2390 3088 nunquam

481 3151 710 3201 nomen
771 3150 842 3198 ac
895 3151 1141 3198 sensum
1177 3147 1417 3199 mutant
1442 3176 1472 3214 ,
1524 3133 1877 3199 necessario
1945 3134 2024 3199 ad
2073 3131 2391 3215 angustias

481 3261 691 3327 reduci
761 3261 1125 3327 debuerunt.
1208 3257 1400 3347 Quod
1457 3274 1660 3327 autem
1715 3275 1920 3326 revera
1969 3259 2218 3327 accidit.
2302 3258 2397 3325 Ut

483 3388 868 3455 matrimonia
904 3401 1255 3471 caeteraque
1279 3430 1304 3468 ,
1340 3405 1499 3470 quae
1531 3387 1671 3453 inde
1705 3401 2090 3469 sequuntur,
2141 3385 2396 3469 impedi·

489 3531 620 3583 rent
653 3514 810 3601 jure
828 3513 1117 3581 Romano
1152 3534 1223 3582 ac
1255 3514 1474 3599 capitis
1503 3513 1953 3582 minutionibus
2003 3512 2350 3597 indigebant
2364 3558 2391 3594 ,

2193 3642 2407 3725 prolu-

588 3832 747 3900 (60)
797 3830 925 3889 vm.
977 3848 1184 3888 usuum
1237 3836 1508 3904 supplem.
1561 3838 1626 3887 de
1674 3837 1878 3901 Repert
1920 3836 1983 3886 de
2019 3837 2178 3899 ,luris
2223 3835 2405 3899 prud..

502 3920 558 3972 in
594 3933 713 3973 voce
744 3919 913 3973 More.
950 3920 1150 3984 Civile.
1181 3920 1266 3974 Cf.
1300 3920 1366 3972 L.
1400 3931 1483 3976 ιε.
1514 3918 1581 3981 ff.
1618 3919 1682 3971 de
1697 3918 1907 3973 lutera.
1930 3920 2058 3978 Ra.
2091 3932 2145 3973 ee
2169 3923 2391 3993 Dagon.

1418 4027 1482 4093 H
1517 4029 1557 4095 11
