3000 4917
1282 411 1532 474 -.....-.·..·.
2235 417 2362 491 127

441 594 681 662 buerint
697 639 722 674 ,
760 603 961 680 neque
991 613 1065 663 ea
1096 593 1163 664 in
1198 594 1477 664 codicem
1513 597 1858 683 retulisset,
1902 617 2060 685 quae
2091 602 2228 687 ipse
2242 604 2336 671 vi·-

440 727 656 810 ἀει-εις
692 725 889 793 verbo
921 744 1053 793 non
1102 723 1299 808 turpis
1344 725 1723 810 ignorantiae
1757 731 1996 814 culpam
2021 775 2047 812 ,
2071 732 2181 798 sed
2218 751 2342 799 mit-⁶

431 855 791 923 levolentiae
842 855 1073 922 crimen
1104 855 1479 922 contraxisse
1541 870 1704 922 recte
1764 858 2088 926 diceretur.
2175 857 2338 928 Illud
2437 891 2458 920 i

434 1003 585 1052 vero
618 999 882 1052 statuere
920 983 1297 1066 absurdum3
1328 999 1399 1050 ac
1444 984 1703 1068 proinde
1732 997 1960 1052 rectam
2011 985 2168 1054 tueri
2201 1005 2342 1054 sen-

438 1113 686 1179 tentiam
727 1113 877 1179 mihi
910 1112 1124 1180 videor
1150 1158 1174 1192 ,
1206 1113 1264 1178 si
1311 1111 1482 1180 Pauli
1531 1113 1920 1199 interpretem
1969 1131 2169 1182 veram
2219 1116 2342 1183 hu»
2419 1101 2422 1106 ’

364 1259 371 1270 “
432 1242 540 1324 jus
606 1243 737 1307 aevi
780 1215 1329 1325 Jurispmdentium
1362 1240 1710 1324 depinxisse
1743 1227 2112 1309 defendam-¹
2166 1242 2344 1311 Prae-

432 1382 586 1433 terea
619 1370 674 1434 si
708 1372 1008 1451 viguisset
1042 1372 1205 1453 apud
1239 1369 1554 1435 Romanos
1586 1369 1706 1434 sub
1741 1369 2102 1438 Gothorum
2141 1371 2341 1438 domi*

428 1496 675 1564 natione
693 1465 911 1580 capitis
932 1496 1193 1564 minutio
1212 1529 1237 1574 ,
1261 1496 1600 1564 mirandum
1621 1498 1876 1564 omnino
1892 1495 2058 1564 foret
2074 1533 2100 1580 ς
2117 1514 2338 1565 vocem

433 1624 631 1705 ipsam
671 1641 802 1691 non
842 1638 1078 1691 tantum
1126 1625 1335 1690 deesse
1354 1667 1381 1704 ,
1413 1624 1524 1690 sed
1569 1603 1805 1709 praeter
1835 1623 1939 1692 illa
1988 1626 2129 1693 loca
2147 1670 2172 1707 ,
2191 1641 2348 1708 quae

432 1752 641 1824 attuli,
703 1749 858 1818 nihil
915 1753 991 1817 de
1033 1753 1172 1836 jure
1228 1751 1491 1819 civitatis
1541 1753 1790 1819 amissae
1849 1751 2046 1821 fuisse
2107 1755 2342 1820 consti6

431 1890 633 1942 tutum
654 1922 682 1959 ‚
731 1877 814 1942 ita
870 1896 939 1944 ut
988 1882 1179 1961 patria
1226 1879 1474 1962 quidem
1517 1893 1830 1962 potestate
1873 1897 1946 1945 ae
1994 1878 2342 1945 testamenti

432 2002 704 2070 factione
736 2005 1007 2086 privetur
1040 2009 1212 2070 exsul
1232 2049 1256 2086 ,
1277 2007 1388 2070 sed
1401 2008 1477 2069 de
1513 2004 1904 2071 matrimonio
1924 2048 1951 2087 ‚
1982 2018 2091 2072 aut
2112 2004 2340 2072 libero·

442 2150 575 2199 rum
615 2131 678 2198 in
697 2134 911 2199 exsilio
944 2133 1285 2216 genitorum
1320 2145 1491 2198 statu
1508 2130 1967 2215 ,caeterisque,
1999 2133 2076 2198 de
2111 2131 2339 2216 quibus

435 2261 503 2328 in
538 2227 730 2326 elteto
767 2260 955 2346 hujus
992 2259 1440 2327 dissertationis
1471 2259 1672 2342 cepite
1705 2261 1800 2343 egi
1819 2303 1844 2341 ,
1887 2257 2118 2328 frustra
2153 2277 2338 2342 quae-

438 2403 626 2455 ratur.
713 2388 1012 2476 Quamvis
1068 2389 1255 2472 igitur
1303 2386 1676 2454 Breviarium
1746 2387 1938 2453 multa
1985 2387 2294 2459 contineat
2311 2425 2342 2468 ,

440 2532 599 2597 quae
648 2531 857 2578 verum
904 2515 1073 2597 Juris
1130 2513 1400 2612 Romani
1446 2485 1763 2596 ingenium
1803 2511 2118 2593 referunt,
2173 2515 2340 2582 exin-

436 2643 512 2708 de
575 2655 774 2706 tamen
830 2640 1048 2707 deduci
1115 2641 1375 2723 nequit,
1442 2641 1936 2728 deportationem
1992 2658 2136 2708 cum
2169 2643 2340 2727 capi-

434 2771 517 2836 tis
580 2769 980 2836 diminutione
1039 2769 1109 2834 in
1175 2767 1648 2852 visigothorum
1726 2769 1976 2853 regione
2037 2768 2342 2836 obtinuis-

438 2914 509 2962 se
527 2941 552 2978 ‚
636 2914 824 2979 quum
906 2912 1133 2977 poenae
1208 2898 1403 2978 ipsius
1474 2913 1704 2964 nomen
1781 2914 1966 2963 sensu
2013 2909 2341 2978 perpetuae

442 3023 825 3104 relegationis
891 3024 1139 3106 saepius
1187 3022 1407 3088 ibidem
1464 3002 1815 3106 reperiatur.
2055 3013 2068 3022 ’

464 3199 469 3204 .
524 3147 860 3229 Postquam
894 3166 1040 3215 vero
1073 3147 1580 3215 chindasuindus
1609 3146 1778 3229 Juris
1817 3145 2086 3214 Romani
2131 3159 2342 3214 aucto·

446 3277 681 3342 ritatem
714 3275 1050 3356 solvisset,
1088 3273 1209 3340 sub
1252 3291 1381 3340 uno
1432 3275 1671 3341 Codice
1729 3284 2052 3356 utramque
2102 3287 2344 3358 gentem

438 3373 802 3488 conjunxiss
855 3414 1039 3484 atque
1088 3401 1277 3482 hinc,
1332 3395 1483 3484 quid
1534 3400 1598 3466 in
1647 3399 1758 3465 illo
1832 3400 1970 3484 jure
2037 3397 2350 3467 communi

443 3531 749 3616 viguerit,
780 3529 1135 3598 videndum.
1221 3527 1343 3595 Hic
1392 3545 1541 3596 vero
1585 3543 1796 3594 rursus
1828 3528 1992 3594 haud
2030 3545 2158 3618 uuo
2201 3529 2349 3598 loco

444 3633 721 3728 exsilium
752 3656 1021 3724 occurrit
1036 3702 1063 3738 ‚
1099 3657 1375 3739 quamvis
1408 3655 1486 3723 de
1516 3628 1937 3741 deportatione
1969 3654 2186 3724 nullibi
2216 3673 2350 3724 ser·

444 3806 552 3856 mo
589 3787 671 3856 sit
690 3833 715 3871 ,
753 3786 861 3856 sed
904 3803 938 3852 e
972 3786 1275 3854 contrario
1315 3786 1648 3868 temporale
1700 3783 1982 3852 exsilium
2025 3785 2224 3881 vulgo
2254 3799 2353 3850 re-

1440 3913 1498 3980 Z
2264 3912 2352 3976 le-
