3000 4917
734 382 869 452 160
1553 387 1798 448 Ξ
1820 435 1832 446 ,

732 585 796 642 ta
858 589 931 640 ac
1000 569 1328 640 miserrima
1400 570 1753 640 conditione
1843 589 1920 639 ex
1995 569 2397 653 eleemosynis
2457 567 2662 636 vitam

734 697 1149 770 amabant
1169 741 1197 781 ,
1256 698 1520 767 civiliter
1569 699 1800 767 mortui
1853 713 2002 768 sunt
2054 697 2241 780 dicti,
2304 699 2450 780 quia
2511 717 2652 766 om·

730 826 871 908 nia,
976 825 1207 908 quibus
1293 841 1510 896 natura
1591 825 1848 896 humana
1941 827 2206 910 indiget,
2276 823 2646 910 abjeceram.

727 949 895 1022 Nam
966 951 1023 1018 ai
1077 951 1353 1038 singulas
1424 949 1696 1020 Romani
1761 951 1931 1038 Juris
2001 965 2206 1035 partes
2221 991 2251 1034 ,
2303 955 2648 1021 secundum

730 1079 1045 1164 analogiae
1100 1080 1343 1164 regulas
1386 1091 1747 1146 tractassent
1799 1079 2085 1146 doctores
2103 1122 2130 1159 ,
2193 1077 2377 1144 valde
2421 1079 2648 1146 dubito

730 1227 814 1278 an
882 1225 1151 1290 unquam
1228 1223 1267 1273 e
1319 1205 1471 1288 Jure
1505 1208 1888 1293 Justinianeo
1904 1253 1931 1290 ,
1991 1208 2334 1276 monachos
2381 1207 2644 1274 civiliter

732 1347 1013 1402 mortuos
1048 1333 1249 1400 dicere
1280 1333 1594 1420 potuerint
1614 1380 1639 1417 ,
1671 1353 1741 1402 ac
1757 1349 2072 1418 propterea
2101 1333 2398 1419 Paparum
2423 1337 2636 1404 decre·

730 1463 815 1532 tis
874 1463 1247 1531 admiscuere
1278 1463 1618 1528 doctrinam
1653 1480 1828 1530 suam
1849 1463 1924 1528 de
1965 1461 2268 1543 bannitis,
2311 1483 2431 1547 qua
2471 1484 2637 1531 mor·

732 1593 819 1660 tis
868 1591 1068 1658 civilis
1116 1604 1500 1674 prototypon
1557 1587 2022 1672 continebatur,
2061 1588 2148 1656 ita
2185 1603 2258 1654 ut
2311 1592 2409 1658 vix
2445 1593 2636 1659 risum

734 1723 885 1807 quis
938 1733 1139 1788 teneat
1194 1720 1301 1787 ubi
1346 1718 1580 1786 Bartoli
1619 1733 1937 1786 tractatum
1983 1719 2056 1784 de
2097 1716 2388 1784 fratribus
2441 1722 2635 1787 mino·

738 1849 874 1920 ritis
928 1849 1220 1915 evolvens
1239 1888 1266 1929 ,
1312 1845 1753 1915 monachorum
1809 1846 1946 1932 jura
1995 1845 2358 1928 gentilitium
2396 1847 2636 1932 legibus

730 1975 980 2046 definita
1048 1976 1342 2060 reperiat3
1409 1988 1672 2041 attamen
1735 1973 1942 2058 Papali
2009 1976 2328 2043 sanctione
2377 1978 2480 2046 illa
2513 1977 2642 2044 dis-

730 2105 981 2170 sertatio
1048 2103 1205 2186 legis
1266 2104 1396 2170 vim
1488 2101 1752 2186 accepit.
1879 2104 1970 2170 At
2045 2121 2191 2170 mox
2251 2117 2484 2170 mutata
2543 2121 2637 2168 re-

730 2247 865 2297 rum
918 2231 1195 2298 conditio
1248 2248 1469 2298 novam
1500 2232 1710 2298 attulit
1735 2231 2116 2298 doctrinamz
2163 2231 2630 2312 nampaulatim

729 2357 1130 2446 Imperatores
1182 2381 1254 2428 ac
1304 2361 1503 2446 Papae
1528 2407 1552 2443 ,
1611 2361 1746 2428 aliis
1795 2361 2082 2427 abstracti
2127 2357 2392 2442 negotiis
2411 2402 2438 2439 ,
2501 2355 2636 2423 fac·

736 2486 917 2552 tiosis
962 2505 1317 2554 succurrere
1348 2489 1744 2570 neglexerunt
1761 2530 1788 2567 ,
1821 2499 2004 2568 atque
2043 2486 2120 2551 ad
2149 2485 2440 2567 privatam
2481 2483 2639 2550 civi-

728 2621 928 2675 tatum
1000 2611 1290 2676 invidiam
1352 2609 1662 2677 discordia
1727 2611 2004 2678 recessit.
2113 2609 2276 2675 Hinc
2337 2605 2640 2676 forbanni

730 2749 947 2804 natura
991 2737 1309 2804 immutata
1366 2751 1502 2818 est3
1571 2741 1720 2804 dum
1767 2741 1932 2808 enim
1983 2749 2309 2822 potestates
2351 2738 2454 2802 vel
2495 2755 2635 2804 ma-

732 2865 1024 2950 gistratus
1092 2863 1395 2950 Imperiali
1444 2864 1811 2934 fulcirentur
1859 2865 2256 2946 auctoritate,
2307 2878 2414 2932 aut
2441 2863 2643 2949 Papa-

736 2993 815 3060 lis
896 2989 1450 3060 excommunicatio
1511 2992 1760 3058 exsules
1841 2993 2022 3058 etiam
2107 3007 2271 3058 extra
2331 2990 2633 3058 civitatem

730 3135 1069 3203 premerent
1088 3167 1115 3204 ,
1200 3121 1444 3189 saeculo
1513 3119 1740 3187 mortui
1817 3133 1978 3186 recte
2065 3119 2448 3188 dicebantur.
2549 3121 2635 3184 At

724 3269 877 3318 -cum
932 3269 1096 3318 nunc
1156 3252 1431 3318 civitates
1482 3248 1606 3315 sibi
1657 3251 2180 3334 relinquerentur,
2236 3265 2404 3316 extra
2457 3248 2637 3315 ditio-

732 3397 873 3444 nem
934 3377 1135 3444 inanis
1208 3378 1674 3457 condemnatio,
1736 3378 1820 3445 ita
1869 3393 1941 3444 ut
1989 3378 2236 3462 quidem
2289 3375 2496 3440 omnia
2535 3373 2636 3439 iila

734 3505 1120 3585 amitterent,
1158 3523 1309 3586 quae
1359 3505 1423 3570 in
1470 3507 1660 3590 patria
1701 3525 1810 3574 sua
1853 3525 1963 3573 seu
2005 3506 2157 3573 urbe
2201 3505 2424 3592 potius
2459 3501 2645 3568 habe·

738 3625 887 3693 bant
932 3651 1003 3697 ac
1024 3675 1051 3712 ,
1100 3633 1156 3698 si
1192 3633 1279 3700 ibi
1328 3651 1750 3720 morarentur,
1801 3639 2052 3720 impune
2083 3650 2346 3718 possent
2375 3632 2626 3706 occidi,

738 3766 949 3816 verum
1029 3755 1091 3822 in
1160 3759 1409 3859 reiiquo·
1450 3761 1716 3846 Imperio
1763 3761 2050 3830 Romano
2101 3762 2254 3829 salvi
2313 3777 2376 3828 et
2427 3759 2641 3827 intacti

738 3877 1033 3948 viverent.
1144 3881 1453 3952 Praeterea
1515 3907 1642 3956 non
1719 3911 1934 3958 omnes
2001 3891 2235 3960 banniti
2301 3889 2368 3956 in
2435 3869 2646 3954 eadem

2533 4031 2656 4096 1³0·
