3000 4917
1272 423 1516 483 a
2226 425 2338 499 1⁸1

590 703 698 774 De
729 707 811 773 iis
828 753 855 790 ,
886 728 1047 794 quae
1088 714 1414 798 pertinent
1458 715 1555 781 aed
1588 731 1846 788 morum
1895 727 2134 796 civilem

783 839 858 900 in
919 855 1113 923 regno
1164 837 1563 910 Francorum
1626 866 1813 934 usque
1874 853 1969 918 ad
2085 838 2096 846 ’

1004 985 1335 1036 cenorum
1406 991 1740 1046 macutus.

496 1241 683 1330 Quae
751 1240 999 1310 Francis
1066 1264 1209 1312 cum
1281 1250 1536 1318 caeteris
1613 1249 1975 1322 Germaniae
2035 1263 2321 1343 gentibus

393 1370 767 1437 communia
828 1387 975 1439 sunt
994 1419 1022 1455 ‚
1100 1377 1165 1442 in
1237 1379 1420 1446 tertio
1481 1379 1666 1466 hujus
1714 1384 2160 1456 dissertationis
2217 1411 2318 1460 ca·

398 1496 551 1580 pite
580 1499 969 1564 tractavimus
985 1543 1011 1580 ,
1048 1515 1234 1582 atque
1262 1519 1585 1586 propterea
1615 1508 1692 1576 de
1729 1511 1966 1596 origine
1993 1512 2276 1584 forbauni
2292 1563 2326 1600 ,

390 1603 519 1692 hic·
540 1643 751 1692 rursus
784 1627 977 1693 dicere
1008 1648 1449 1712 supervacuum
1471 1653 1498 1718 3
1519 1654 1589 1703 ea
1617 1657 1761 1706 vero
1784 1686 1808 1720 ‚
1837 1659 1990 1722 quae
2026 1655 2174 1710 tunc
2191 1661 2315 1711 non

399 1751 781 1835 observavi,
844 1769 951 1820 aut
1020 1774 1177 1837 quae
1238 1758 1383 1826 huic
1438 1763 1608 1844 genti
1677 1768 1925 1850 propria
2000 1768 2318 1837 universae

399 1877 779 1946 Germaniae
822 1883 1025 1948 minus
1071 1885 1391 1953 convenire
1436 1903 1758 1974 poterant,
1815 1911 1982 1960 nunc
2013 1913 2316 1978 exponere

396 2010 713 2081 conabor.

499 2137 828 2221 Reperitur
910 2135 1068 2202 enim
1156 2135 1220 2203 in
1314 2155 1495 2221 pacto
1588 2141 1779 2228 Legis
1865 2147 2092 2214 Salicae
2188 2163 2324 2220 tum

400 2265 757 2348 antiquiore
836 2276 967 2327 tum
1078 2262 1144 2327 in
1227 2261 1557 2332 reformato
1654 2267 2003 2336 institutum
2030 2315 2056 2350 ,
2143 2277 2317 2355 quod

386 2373 390 2377 ¹
400 2393 617 2478 plures
679 2409 819 2456 cum
876 2386 1179 2456 forbanno
1262 2376 1376 2456 aut*
1439 2393 1812 2474 utlagatione
1898 2401 2112 2480 potius
2169 2419 2317 2471 con·

396 2516 738 2595 fuderunt,
805 2537 877 2584 ac
954 2499 1275 2614 propterea
1349 2519 1412 2584 in
1488 2535 1703 2587 nostro
1761 2511 2092 2604 specimine
2139 2530 2322 2596 omit·

399 2647 455 2714 ti
526 2645 763 2728 nequit.
886 2647 996 2712 Ait
1073 2647 1237 2713 enim
1323 2645 1455 2715 Lex
1548 2646 1747 2717 Salica
1829 2652 1896 2718 in
1973 2658 2156 2724 titulo
2243 2655 2318 2724 de

388 2771 872 2862 despectionibus
968 2773 1047 2854 (ι
1056 2780 1155 2855 9)
1196 2819 1220 2855 ,
1325 2774 1391 2841 id
1499 2789 1600 2842 est
1701 2776 1776 2844 de
1871 2781 2308 2850 contumacia:

404 2951 451 2987 „
495 2903 675 2970 Tunc
766 2919 909 2970 cum
978 2899 1093 2966 ista
1201 2905 1402 2970 omnia
1489 2907 1870 2988 impleverit,
1964 2911 2074 2994 qui
2169 2927 2310 2976 eum

408 3077 455 3114 „
492 3029 771 3098 admallat
789 3074 816 3111 ,
884 3045 946 3098 et
1008 3031 1111 3097 ille
1130 3077 1157 3112 ,
1248 3033 1358 3114 qui
1432 3033 1825 3115 admallatur‚
1913 3038 1992 3104 ad
2074 3037 2313 3104 nullum

407 3205 453 3244 „
492 3159 785 3244 placitum
836 3156 1067 3222 venerit
1080 3201 1105 3236 ,
1171 3170 1233 3222 ct
1299 3135 1415 3239 pro
1452 3159 1584 3242 lege
1637 3177 1706 3225 se
1769 3161 2024 3227 educere
2101 3162 2312 3236 nolue-

408 3330 456 3368 „
496 3286 616 3366 rit,
685 3303 835 3350 tunc
912 3282 1047 3348 Rex
1070 3329 1092 3362 ,
1166 3281 1245 3348 ad
1314 3301 1495 3363 quem
1569 3285 1879 3351 mannitus
1954 3299 2081 3366 est,
2143 3301 2315 3379 extra,

410 3456 455 3493 „
492 3398 827 3478 sermonem
862 3420 1090 3492 ponet,
1138 3421 1203 3472 et
1238 3407 1325 3472 ita
1366 3406 1465 3474 ille
1503 3409 1866 3492 culpabilis,
1903 3425 1966 3480 et
2015 3432 2119 3480 res
2160 3433 2308 3486 suae

408 3585 457 3626 n
493 3553 673 3630 erunt
716 3539 784 3604 in
831 3536 1028 3617 fisco,
1074 3548 1181 3601 aut
1236 3535 1367 3618 eius
1427 3535 1530 3600 cui
1583 3533 1772 3604 fiscus
1825 3539 1972 3607 haec
2022 3543 2163 3608 dare
2199 3562 2313 3610 vo-

408 3710 451 3753 „
488 3665 707 3747 luerit,
748 3677 810 3730 et
848 3661 1197 3748 quicunque
1262 3663 1318 3729 ei
1370 3675 1477 3729 aut
1530 3682 1748 3749 panem
1798 3668 2026 3737 dederit
2083 3683 2190 3738 aut
2234 3671 2306 3741 in

508 3783 514 3788 '
1961 3881 1972 3888 ἡ
2069 3839 2124 3880 n
2158 3795 2304 3864 hos·

507 3933 541 3994 f
558 3936 664 4005 u)
712 3938 873 3994 Pau.
923 3933 1059 4002 ιη.
1110 3935 1233 3994 Sal.
1284 3937 1479 4003 Λευίς.
1528 3937 1640 3993 Tu.
1685 3937 1827 3996 ux-

1394 4043 1452 4114 Z
1497 4063 1534 4128 3
