3000 4917
658 313 749 386 γε
1477 306 1721 369 =

665 490 882 562 ultimo
926 487 989 556 in
1034 454 1264 556 furtum
1307 484 1606 569 supplicio
1651 480 1850 569 (26)
1898 478 2286 551 .constituto.
2399 486 2553 554 Feli-

662 618 798 691 cius
843 615 908 684 in
961 609 1059 679 his
1115 629 1297 695 quam
1355 609 1422 677 in
1477 607 1783 677 homicidii
1840 608 2245 694 coercitione3
2308 629 2444 698 nam
2481 612 2550 684 in

666 738 1048 826 capitula-iis
1078 734 1246 806 furto
1279 736 1442 809 nulla
1480 736 1771 820 reperitur
1810 736 2174 821 compositio
2188 783 2215 820 ,
2235 741 2556 822 quamvis,

577 891 584 896 ·
667 880 742 936 ut
790 866 1208 950 inposterum
1266 861 1616 947 apparebit,
1668 862 1813 930 huic
1876 862 1964 929 rei
2025 883 2242 933 rursus
2306 867 2557 940 modum

666 991 932 1067 smila-it
975 1007 1276 1063 canotus
1312 1007 1623 1062 monus.
1710 987 1821 1057 Uti
1854 1002 2053 1058 autem
2091 990 2157 1058 in
2192 990 2334 1076 his,
2368 992 2452 1061 its
2484 994 2552 1062 in

668 1118 875 1190 multis
903 1116 1262 1214 severiorem
1281 1161 1308 1199 ,
1358 1128 1464 1184 aut
1513 1115 1720 1183 saltem
1768 1116 2080 1200 poenalem
2123 1116 2410 1188 rationem
2457 1118 2551 1189 in.

674 1245 924 1318 duxere·
959 1243 1324 1312 Francorum
1369 1240 1616 1327 Reges3
1670 1243 1838 1324 quod
1888 1241 2160 1326 inprimis
2199 1260 2444 1328 apparet
2489 1247 2555 1317 in

669 1371 750 1445 iis
780 1370 966 1454 loeis,
1004 1368 1112 1438 ubi
1148 1381 1296 1453 post
1339 1385 1571 1451 poenae
1601 1366 2090 1438 constitutionem
2125 1371 2438 1456 adjicitur,
2469 1389 2550 1443 ne

672 1497 813 1582 quis
878 1495 942 1562 in
966 1503 1298 1579 posterum
1359 1493 1495 1566 talia
1542 1492 1734 1568 facere
1796 1513 2181 1586 praesumat,
2234 1513 2296 1569 et
2352 1498 2545 1586 majus

665 1622 807 1696 inde
848 1624 1136 1694 damnum
1197 1620 1437 1692 existat.

752 1752 856 1822 Sic
901 1764 965 1823 et
994 1749 1354 1824 forbannum
1389 1749 1607 1818 mutari
1650 1749 1888 1823 debuit.
1947 1769 2083 1818 nam
2117 1766 2187 1820 ut
2232 1750 2298 1820 in
2332 1750 2409 1821 iis
2448 1751 2553 1836 qui

667 1891 920 1966 proptor
987 1876 1236 1962 capitale
1310 1875 1672 1961 supplicmm
1741 1875 2204 1946 forbanniuntur
2274 1880 2555 1953 ohserva-

667 2004 913 2090 vimus,
958 2002 1139 2072 simul
1174 2020 1247 2072 nc
1290 2019 1488 2089 poena
1531 2001 1840 2086 imminet,
1880 2020 2075 2079 cessat
2119 2007 2447 2080 revertendi
2484 2009 2560 2078 li·

666 2130 903 2215 centia,
953 2147 1026 2196 ac
1071 2127 1346 2212 quamvis
1382 2126 1667 2211 sitplana
1708 2127 2099 2213 gratiaevia,
2128 2131 2559 2217 magisadex-

666 2257 753 2327 ilii
771 2305 798 2343 ,
834 2270 943 2328 aut
989 2254 1355 2325 exclusionis
1398 2252 1663 2340 speciem
1709 2255 1957 2324 aceedit.
2038 2257 2218 2326 Unde
2261 2277 2389 2327 non
2444 2259 2557 2328 mi·

665 2405 845 2469 rum,
885 2383 939 2453 si
955 2431 982 2478 2
1038 2383 1209 2469 quod
1252 2382 1440 2452 verbo
1476 2382 1839 2450 monendum
1862 2428 1887 2463 ,
1925 2383 2046 2467 jam
2097 2383 2204 2451 illo
2252 2386 2559 2472 coepfflnt

664 2524 938 2597 tempore
985 2509 1394 2580 forbannitum
1439 2508 1762 2594 intelligere
1799 2511 2064 2586 exsulem
2082 2559 2106 2594 ,
2134 2512 2371 2580 hostem
2386 2561 2412 2596 ,
2441 2535 2559 2598 pu·

668 2634 825 2706 blica
874 2635 1007 2719 lege
1053 2634 1257 2721 (haec
1307 2637 1429 2721 jam
1477 2638 1651 2720 erat)
1701 2635 2078 2704 destitutum.
2163 2638 2322 2705 Hinc
2355 2654 2556 2708 ortum

668 2774 742 2834 ut
770 2760 1048 2846 pluribus
1089 2762 1225 2848 jure
1285 2760 1589 2830 concessis
1605 2808 1630 2844 ,
1689 2779 1817 2830 non
1868 2761 2210 2836 fruerentur
2223 2813 2249 2848 ‚
2310 2779 2382 2837 ut
2433 2767 2555 2836 sub

671 2901 878 2960 essent
907 2883 1179 2957 infamiae
1200 2928 1229 2969 ,
1277 2906 1434 2971 quae
1480 2888 1839 2980 plerumque
1883 2906 1944 2957 et
1998 2910 2034 2957 a
2077 2890 2342 2959 facinore
2372 2893 2558 2964 simul

663 3027 729 3090 et
762 3037 799 3085 a
841 3015 1073 3103 iudicio
1098 3015 1322 3101 pendet
1338 3060 1363 3097 ,
1408 3014 1464 3086 si
1496 3015 1807 3088 mdiorum
1851 3020 2322 3103 contemplemur
2365 3022 2560 3096 homi-

671 3161 821 3213 nnm
885 3141 1226 3246 opiniones.
1331 3140 1643 3230 Singulare
1708 3157 1906 3214 tamen
1973 3144 2121 3229 quid
2192 3147 2304 3218 hae
2370 3162 2559 3220 aetate

675 3268 741 3342 in
764 3269 870 3338 ino
887 3270 1258 3355 conspicitur
1281 3317 1305 3354 ,
1339 3273 1508 3354 quod
1540 3271 1648 3355 qui
1679 3271 1742 3339 in
1756 3270 1925 3358 Lege
1952 3271 2379 3359 Ripuariorum
2406 3277 2560 3361 (ιτ)

675 3392 1022 3488 simpliciter
1055 3397 1273 3472 dicitur
1300 3396 1487 3468 homo
1511 3381 1910 3475 *forbannitus
1928 3446 1953 3482 ‚
2012 3399 2144 3477 sine
2191 3403 2311 3471 ulla
2345 3421 2555 3485 excep-
2667 3417 2681 3429 ⁵

1552 3499 1562 3517 ὃ
2437 3528 2554 3602 tio-

775 3708 926 3772 (ιδ)
967 3709 1156 3776 eapte.
1205 3712 1328 3767 zeb.
1373 3710 1451 3767 11.
1486 3729 1536 3768 e.
1580 3731 1664 3778 44·

779 3789 928 3862 (εγ)
970 3791 1039 3846 V.
1070 3791 1140 3852 L.
1186 3794 1567 3861 Repaearinum
1614 3797 2097 3861 r1e..Lxxxv11.
2153 3847 2160 3854 ,
