3000 4917
633 355 711 424 88
1470 362 1713 394 “-

1471 400 1713 423 *ιι-

590 605 595 610 ,
644 543 899 616 comites
968 541 1123 610 enim
1142 587 1167 624 ,
1240 538 1516 624 quamvis
1585 537 1703 607 sub
1775 524 1971 610 Ducis
2029 541 2322 630 imperio,
2400 568 2542 632 prae
2627 561 2634 569 '

644 669 793 742 fecti
838 685 1040 736 tamen
1079 665 1334 734 militum
1383 679 1548 734 erant
1575 697 1601 748 ·‚
1641 685 2013 754 quapropter
2049 670 2112 737 in
2148 673 2222 740 iis
2251 675 2550 760 conjunc-

658 783 735 866 ia
766 795 1151 876 justitiam
1186 814 1262 861 ac
1293 793 1595 860 mllitarts
1631 807 1933 884 potestas.
2014 797 2237 883 Neque
2287 801 2390 869 bic
2439 824 2548 888 pe-

653 919 829 993 riculi
876 921 1026 1005 quid
1051 922 1280 1003 inerat,
1327 919 1473 988 dum
1523 939 1834 990 emotus
1877 943 2159 993 macnus
2183 947 2383 998 rerum
2416 950 2548 998 mo·-

650 1051 930 1118 deramen
960 1061 1213 1130 teneret3
1256 1047 1332 1114 ad
1360 1061 1604 1130 tempus
1617 1046 1804 1132 enim,
1843 1048 2130 1134 principis
2159 1051 2548 1140 lubitu‚par-

654 1175 878 1259 visque
940 1171 1256 1258 stipendiIs
1330 1171 1565 1242 institui
1643 1193 1682 1240 a
1738 1173 1914 1260 Rege
1971 1177 2148 1244 etiam
2210 1181 2548 1264 pendebant

652 1301 871 1388 exigua
902 1300 1229 1386 gaudentes
1249 1299 1412 1383 apud
1442 1298 1678 1384 plebem
1717 1302 2102 1387 auctoritate3
2141 1319 2204 1372 at
2235 1309 2537 1390 praesenti

655 1446 857 1508 rerum
885 1425 1267 1511 conditione,
1308 1426 1592 1494 comitem
1633 1427 2029 1511 provinciales
2047 1477 2071 1510 ,
2101 1444 2173 1500 ut
2203 1433 2537 1517 legitimum

652 1570 838 1640 caput
877 1555 1312 1621 venerabantur
1341 1567 1402 1620 et
1438 1553 1515 1620 ab
1563 1553 1746 1640 hujus
1788 1553 2200 1627 benevolentia
2235 1561 2532 1643 pendebat

653 1693 859 1752 utrum
896 1679 1244 1766 1m1aeratori
1292 1672 1585 1749 tributum
1645 1683 1880 1748 solvere
1894 1729 1921 1764 ‚
1978 1685 2184 1768 copias
2251 1688 2534 1772 praebere

653 1819 721 1876 et
771 1807 905 1894 ejus
944 1806 1146 1895 iussu·
1164 1805 1454 1893 iustitiam
1509 1825 1780 1874 exercere
1821 1809 2025 1878 vellet.

730 1932 960 2017 Neque
991 1933 1089 2001 hic
1121 1933 1466 2002 subsistunt
1496 1933 1856 2003 calamitates
1872 1983 1896 2018 ,
1945 1957 2096 2020 quas
2127 1955 2351 2009 mutata
2384 1959 2533 2012 tem·

646 2073 873 2142 porum,
935 2057 1167 2126 ratione
1240 2076 1492 2126 cauom
1538 2079 1762 2128 marom
1811 2063 2270 2136 constitutiones
2323 2071 2534 2138 attule-

649 2153 833 2252 runt:
885 2199 1021 2249 nam
1080 2185 1193 2250 etsi
1234 2197 1475 2261 servata
1517 2182 1672 2252 inter
1729 2187 1991 2256 diversas
2041 2206 2250 2276 gentes
2291 2195 2533 2265 distinc-

640 2307 807 2377 tione
851 2307 1124 2378 omnimn
1176 2309 1407 2378 animos
1452 2309 1570 2379 sibi
1614 2313 2029 2385 conciliaverat
2043 2365 2069 2401 ‚
2121 2320 2264 2386 dum
2315 2322 2390 2389 ab
2441 2327 2531 2392 al·

643 2448 775 2503 tera
833 2449 1004 2518 parte
1054 2449 1151 2506 sat
1221 2435 1452 2504 viribus
1520 2439 1786 2522 pollebat
1803 2488 1828 2523 ‚
1909 2457 1982 2511 ut
2043 2443 2354 2529 impediret
2399 2471 2528 2535 quo

642 2557 846 2628 minus
906 2559 1281 2646 divergerent
1297 2606 1322 2644 ,
1386 2581 1530 2630 cum
1596 2566 1904 2632 excellenti
1972 2569 2217 2656 ingenio
2274 2591 2524 2660 ruptum

641 2697 741 2751 est
789 2681 1095 2752 vinculum
1114 2732 1140 2768 ,
1197 2703 1324 2768 quo
1370 2687 1833 2760 continebantur
1852 2738 1878 2777 ‚
1907 2715 1977 2762 ac
2021 2697 2186 2768 brevi
2223 2720 2341 2769 una
2373 2723 2525 2790 gens

642 2809 813 2878 alteri
837 2810 1145 2896 privilegia
1162 2858 1188 2895 ,
1224 2807 1490 2880 favorem
1509 2862 1535 2898 ‚
1550 2812 1675 2882 imo
1695 2818 1960 2888 ordinem
1995 2821 2058 2890 in
2077 2826 2200 2892 acie
2216 2875 2240 2910 ‚
2263 2829 2524 2902 invidere

639 2936 845 3025 coepit
860 2985 883 3022 ,
898 2957 969 3005 ac
989 2951 1163 3006 caute
1190 2939 1493 3007 attendere
1511 2955 1714 3012 utrum
1734 2963 1808 3012 ex
1833 2965 1943 3016 sua
1972 2967 2049 3017 an
2078 2971 2225 3020 vero
2239 2975 2314 3024 ex
2331 2957 2522 3029 vicina

638 3064 886 3152 regione
900 3063 1038 3146 quis
1052 3065 1341 3153 originem
1372 3068 1671 3154 traheret3
1707 3085 1916 3141 contra
1959 3094 2110 3159 quas
2141 3082 2454 3165 opiniones
2467 3088 2522 3154 si

616 3191 841 3276 'ageret
850 3193 1180 3277 Imperator
1198 3241 1221 3277 ,
1240 3213 1385 3262 mox
1400 3214 1680 3280 proceres
1699 3218 1770 3266 ac
1791 3200 1966 3285 plebs
1982 3249 2008 3288 ‚
2035 3207 2252 3276 nobilis
2268 3213 2515 3299 alicuius

638 3332 841 3398 partes
894 3333 1102 3387 secuta
1120 3367 1145 3402 ,
1191 3319 1472 3389 rebellare
1492 3369 1519 3405 ‚
1561 3324 1616 3391 si
1634 3323 1790 3392 inter
1828 3327 2128 3416 principes
2161 3335 2468 3406 dissidium
2489 3389 2515 3426 ,

634 3459 819 3509 suum
872 3445 1047 3527 sequi
1113 3458 1176 3511 et
1239 3445 1521 3516 finitimas
1597 3452 1874 3536 regiones
1931 3473 2164 3528 vastare
2211 3483 2282 3532 ac
2329 3465 2511 3550 depo·
2593 3440 2595 3442 .

628 3567 850 3647 pulari.
944 3569 1046 3637 Sic
1108 3569 1434 3655 Imperator
1454 3621 1479 3656 ,
1578 3576 1686 3658 qui
1763 3581 1896 3666 lege
1950 3591 2199 3659 maxima
2243 3607 2528 3676 potesta-n

632 3702 698 3756 te
770 3689 965 3760 fuerat
1010 3697 1311 3780 praeditus
1330 3745 1354 3778 ,
1412 3698 1574 3766 facto
1637 3719 1716 3769 ne
1769 3707 2017 3790 ‘quidem
2073 3719 2331 3789 vasallos
2399 3737 2504 3792 aut

626 3813 906 3888 subditos
922 3864 945 3902 ,
982 3821 1091 3889 sed
1114 3821 1351 3890 amicos>
1370 3837 1608 3894 tantum
1635 3843 1695 3896 et
1720 3837 1984 3910 ¹asseclas
2017 3841 2309 3932 habebat,
2342 3869 2501 3934 quos
2587 3863 2592 3870 ·

2451 3979 2503 4045 si
