3000 4917
689 287 815 354 ωδ
1522 293 1765 351 =

693 495 822 547 non
882 476 1022 543 usui
1079 470 1430 557 quotidiano
1483 471 1791 556 adaptatae
1811 515 1837 554 ‚
1895 492 2004 557 per
2040 475 2303 542 duellum
2358 478 2609 547 dirime·

698 606 942 673 bantur.
1047 602 1203 668 Sunt
1268 601 1461 685 igitur
1520 599 1908 684 imperfectae
1957 620 2032 669 ac
2082 604 2159 669 iis
2212 607 2603 689 temporibus

692 732 934 815 quidem
992 731 1478 796 accommodatae
1502 774 1530 811 ,
1580 730 1806 811 quibus
1848 710 2052 814 gladio
2104 733 2308 799 omnia
2347 753 2602 816 perage-

689 858 957 938 bantur,
1006 872 1111 924 aut
1148 876 1284 923 raro
1311 855 1472 939 quis
1524 871 1759 923 curaret
1795 858 2026 939 aliquid
2065 873 2296 941 praeter
2344 861 2587 928 domini

690 988 789 1053 vel
855 987 1225 1052 vasallorum
1287 986 1468 1069 jura,
1549 985 1657 1049 sed
1727 985 1929 1052 minus
1977 978 2196 1068 aptae,
2253 1002 2325 1052 ut
2377 1007 2597 1069 quaes-

691 1115 936 1196 tiones»,
998 1132 1156 1199 quae
1208 1114 1273 1178 in
1318 1113 1579 1178 humana
1632 1111 1758 1178 vita
1818 1128 2147 1180 occurrunt
2173 1157 2201 1194 ,
2243 1117 2589 1182 secundum

692 1256 920 1311 certam
969 1242 1229 1325 regulam
1273 1237 1635 1307 definiantur
1654 1285 1676 1320 ,
1720 1254 1791 1304 ut
1822 1241 2071 1307 caeteris
2107 1245 2300 1326 legem
2336 1239 2595 1315 faciant.

695 1370 1001 1438 Praeterea
1047 1382 1195 1435 sunt
1229 1369 1475 1450 quidem
1514 1368 1626 1433 hae
1660 1368 2132 1435 consuetudines
2180 1371 2409 1437 ratione
2442 1388 2603 1436 nos-

677 1510 788 1564 ·tra
853 1497 1063 1565 aetatis
1136 1495 1461 1577 antiquae,
1539 1496 1668 1562 imo
1769 1496 1960 1560 multa
2020 1496 2372 1575 continent,
2439 1516 2598 1578 quae

697 1646 735 1691 a
781 1640 1051 1691 canoto
1105 1640 1349 1688 uacuo
1398 1620 1717 1705 repetenda
1765 1635 1962 1702 sunt,
2020 1627 2129 1689 sed
2179 1625 2368 1688 multa
2422 1624 2598 1689 etiam

677 1753 1235 1833 -complectuntur,
1312 1766 1464 1830 quae
1520 1748 1948 1814 tantummodo
2019 1766 2137 1813 usu
2204 1751 2405 1814 valere
2456 1769 2605 1831 coe·⁸

700 1893 954 1962 perant,
999 1894 1138 1943 cum
1179 1878 1492 1944 anarchiae
1524 1878 1688 1941 vires
1723 1873 2138 1957 frangerentur
2168 1874 2343 1958 (48).
2431 1877 2604 1945 Cum

702 2008 891 2091 igitur
942 2006 1164 2088 Regiae
1226 2006 1552 2088 majestatis
1605 2004 1977 2069 incremento
2025 2005 2087 2067 in
2139 2003 2352 2068 multis
2400 2024 2439 2070 a
2481 2006 2611 2087 gla—

703 2135 813 2200 dio
878 2135 954 2197 ad
1004 2133 1235 2216 Judicia
1301 2146 1464 2197 esset
1520 2131 1964 2212 recedendum,
2030 2134 2073 2215 ζ
2096 2131 2213 2196 hoc
2266 2134 2605 2199 remedium

697 2238 987 2329 'lubenter
1040 2260 1307 2342 quisque
1357 2257 1612 2326 inferior
1682 2257 1933 2342 arripit)
2031 2260 2086 2324 si
2145 2257 2292 2324 nihil
2370 2274 2610 2342 praeter

689 2391 996 2472 antiquas
1079 2388 1551 2454 consuetudines
1630 2386 1806 2467 sequi
1904 2387 2243 2454 voluissent
2320 2387 2560 2471 judices
2580 2359 2619 2471 ⁹.

705 2517 784 2582 ad
859 2516 1086 2581 ordalia
1150 2516 1340 2581 redire
1404 2514 1768 2596 oportebat,
1847 2528 1953 2580 aut
2023 2533 2151 2582 non
2215 2529 2446 2581 tantum
2527 2518 2615 2582 de

709 2658 889 2704 causa
956 2640 1065 2704 sed
1137 2641 1212 2705 de
1261 2641 1395 2721 lege
1446 2638 1621 2704 etiam
1672 2653 1861 2704 testes
1909 2633 2189 2708 adhibere
2208 2688 2235 2724 ,
2295 2644 2402 2726 qui
2455 2662 2617 2711 con-

716 2767 1070 2834 stitutiones
1122 2781 1305 2849 atque
1336 2784 1489 2832 usus
1535 2763 1867 2850 referrent,
1911 2787 2063 2842 nam,
2087 2772 2276 2836 multa
2324 2772 2611 2851 deerant,

699 2912 869 2981 ,quae
929 2895 1061 2961 sine
1130 2911 1354 2978 magno
1410 2871 1569 2980 juris
1618 2895 1978 2963 detrimento
2035 2914 2165 2963 non
2217 2898 2608 2965 omittuntur.

716 3026 881 3094 Cum
944 3025 1037 3091 sic
1096 3040 1299 3090 revera
1368 3025 1499 3106 lege
1566 3024 1788 3106 privati
1846 3040 2094 3108 essent,
2149 3045 2262 3094 nec
2317 3044 2425 3105 ea,
2491 3045 2618 3109 qua

722 3153 907 3221 hodie
954 3153 1270 3236 prudentia
1318 3153 1566 3221 codices
1613 3151 2065 3234 conficiuntur,
2123 3152 2398 3220 homines
2445 3171 2623 3235 prae-

716 3280 830 3349 diti
878 3293 1129 3362 essent,
1190 3298 1265 3346 ex
1306 3281 1517 3348 alienis
1544 3280 1848 3353 fontibus
1897 3283 2271 3362 hauserunt,
2331 3298 2487 3363 quae
2540 3282 2621 3348 iis

2518 3428 2628 3493 Pe·

822 3635 974 3701 (48)
1018 3639 1143 3693 vid.
1207 3642 1354 3695 Phil.
1402 3646 1466 3694 de
1511 3648 1727 3696 Beaum.
1779 3641 1947 3702 chap.
1996 3641 2114 3692 xn.
2164 3640 2227 3691 de
2277 3647 2492 3693 testam⁴
2525 3639 2618 3691 ubi

726 3714 805 3779 jus
836 3719 1084 3779 quoddam
1120 3724 1304 3787 tradit,
1339 3729 1475 3787 quod
1506 3728 1612 3779 sine
1654 3727 1806 3778 dubio
1833 3729 1953 3792 Jure
1993 3739 2020 3775 e
2044 3724 2352 3792 justinianeo
2395 3726 2489 3775 fuit
2519 3740 2615 3787 pe-

735 3800 923 3865 titum,
973 3805 1199 3869 adeoque
1246 3820 1362 3861 ante
1393 3823 1595 3867 nunov.
1642 3823 1895 3867 sanct-uu
1944 3823 2077 3863 certe
2122 3811 2343 3864 nonfuit
2386 3812 2621 3891 insusu-
