3000 4917
406 607 653 678 historia
705 607 852 676 satis
895 622 1169 678 accurate
1201 606 1424 693 exponi
1451 622 1827 694 potuerunt,
1865 628 2049 696 quam
2097 628 2297 682 autem

318 738 562 804 ''nunc
606 735 920 820 aggredior
967 731 1260 819 aetatem,
1319 755 1389 804 ea
1424 736 1602 820 plane
1643 726 1847 823 legum
1902 753 1967 806 et
2012 740 2291 808 codicum

395 863 744 931 auctoritate
804 863 1074 930 distituta
1094 911 1120 945 ‚
1204 882 1282 930 ex
1333 863 1637 932 chronicis
1688 880 1921 934 tantum
1986 886 2056 935 ac
2107 866 2293 954 hujus

397 991 529 1059 aevi
598 988 959 1059 carminibus
1055 991 1254 1059 lucem
1322 990 1591 1075 accipere
1650 1006 1878 1075 potest.
1986 993 2089 1060 Ne
2163 993 2301 1077 quis

397 1130 598 1184 tamen
652 1131 826 1201 putet
845 1164 871 1201 ,
933 1131 1251 1201 propterea
1295 1136 1510 1186 vanam
1567 1137 1626 1184 et
1661 1118 1942 1186 incertam
1993 1119 2136 1188 fote
2180 1120 2310 1187 dis·

404 1244 789 1329 putationem
803 1288 832 1327 ,
879 1263 1022 1343 cum
1078 1257 1140 1311 et
1188 1244 1253 1311 hi
1303 1245 1511 1313 fontes
1568 1260 1819 1328 propter
1859 1245 2042 1331 hujus
2091 1244 2296 1312 aetatis

398 1370 897 1439 consuetudinem
915 1417 942 1454 ,
1003 1390 1125 1455 qua
1178 1372 1311 1440 sine
1361 1373 1485 1438 ullo
1566 1373 1922 1442 descrimine
1972 1373 2142 1441 etiam
2194 1370 2305 1438 mi-

402 1496 577 1565 noris
653 1498 942 1563 momenti
1014 1511 1183 1582 gesta
1227 1514 1544 1567 narrantur
1560 1547 1586 1582 ‚
1668 1503 1946 1568 codicum
2027 1517 2089 1567 et
2149 1500 2307 1566 edio-

410 1640 619 1691 torum
635 1669 664 1704 ‚
721 1642 877 1705 quae
938 1623 1259 1693 criminalia
1308 1640 1581 1708 spectant
1600 1674 1623 1706 ‚
1668 1627 2083 1693 detrimentum
2136 1625 2310 1692 facile

404 1762 833 1833 compensent.
955 1748 1078 1816 Sed
1144 1761 1484 1832 praeterea,
1553 1752 1798 1832 quando
1860 1753 1936 1817 ad
2009 1750 2319 1817 historiam

409 1879 635 1945 oculos
689 1890 979 1944 converto
997 1922 1024 1959 ,
1080 1877 1285 1960 legum
1331 1876 1576 1957 quidem
1623 1891 1824 1944 textus
1886 1878 2082 1944 nullas
2132 1875 2323 1949 subiit

400 2003 784 2103 ‘mutationes
804 2052 828 2085 ,
880 1982 990 2071 sed
1029 2004 1270 2088 publica
1308 2003 1576 2072 conditio
1609 2004 1891 2086 paulatim
1943 2003 2020 2071 ab
2071 2004 2321 2086 antiquo

400 2150 579 2201 more
644 2131 904 2200 recessit
926 2180 949 2213 ,
1012 2132 1093 2199 ita
1159 2144 1229 2199 ut
1299 2129 1353 2198 si
1407 2133 1507 2198 vel
1574 2131 1762 2217 hujus
1807 2132 1939 2198 aevi
1998 2134 2170 2217 leges·
2217 2151 2322 2200 su·

415 2275 730 2346 peressent
751 2308 777 2343 ‚
834 2258 1097 2342 primum
1152 2258 1299 2325 mihi
1349 2257 1725 2327 incumberet
1770 2258 2031 2326 officium
2085 2259 2330 2324 demon·

399 2389 658 2456 -strandi
681 2434 707 2471 ,
749 2387 814 2471 in
854 2401 1147 2470 quantum
1203 2387 1315 2452 hae
1361 2400 1506 2453 tunc
1557 2384 1874 2453 valuerint.

504 2516 606 2582 Ne
674 2529 873 2582 tamen
941 2514 1087 2581 haec
1148 2512 1510 2598 hypothesis
1566 2512 1698 2583 sine
1762 2512 1993 2580 ratione
2054 2527 2115 2578 et
2153 2530 2332 2581 causa

419 2612 618 2729 posita
650 2643 929 2711 videatur
946 2688 972 2725 ,
1014 2661 1277 2725 cumque
1315 2661 1391 2708 eo
1432 2641 1673 2726 majoris
1703 2643 1991 2708 momenti
2016 2640 2098 2710 sit
2127 2641 2335 2724 legum

404 2787 488 2839 -et
565 2771 1069 2840 consuetudinum
1137 2768 1436 2853 indagatio
1450 2816 1476 2849 ‚
1535 2762 1663 2852 quo
1740 2768 1928 2853 magis
1992 2768 2347 2834 accedimus*

431 2899 511 2965 ad
592 2898 751 2963 illam
826 2896 1115 2979 'epocham
1137 2943 1163 2978 ‚
1247 2916 1369 2978 qua
1433 2914 1577 2961 vera
1635 2915 1802 2961 mors
1875 2894 2085 2960 civilis
2152 2903 2335 2971 caput

432 3022 644 3090 extulit
663 3070 688 3105 ‚
767 3024 867 3089 hic
933 3021 1191 3089 breviter
1269 3020 1797 3105 jurisprudentiam
1867 3015 1984 3084 sub
2071 3012 2336 3081 Hem-ico

437 3151 701 3233 Aucupe
756 3148 820 3213 in
864 3145 1185 3214 Germania
1231 3146 1532 3228 vigentem
1593 3143 1837 3209 definire
1892 3142 2087 3207 liceat.
2170 3138 2340 3215 Prin-

440 3276 652 3359 cipum
685 3286 1040 3358 potestatem
1058 3319 1083 3354 ,
1139 3273 1194 3337 si
1243 3273 1347 3355 jus
1399 3284 1740 3352 spectemus
1763 3315 1788 3350 ‚
1841 3269 2181 3334 nullatenus
2227 3265 2354 3333 im-·

444 3402 738 3471 minutam
792 3399 985 3468 fuisse
1002 3446 1027 3481 ,
1078 3417 1205 3465 non
1254 3396 1490 3481 singula
1547 3378 1708 3462 facta
1746 3395 1855 3462 sed
1906 3397 2178 3460 universa
2219 3393 2342 3459 his-

442 3533 599 3599 toria
650 3532 854 3627 docet.
951 3526 1157 3609 Nam,
1211 3524 1323 3592 etsi
1381 3536 1528 3607 post
1585 3528 1994 3589 Lunovicum
2049 3539 2220 3588 mum
2270 3540 2356 3587 ex»

448 3660 634 3744 huius
686 3657 914 3725 ditione
951 3656 1126 3739 plura
1145 3640 1456 3722 'fluxerant
1505 3668 1687 3736 regna
1708 3698 1732 3731 ‚
1784 3648 1999 3715 diversi
2050 3649 2133 3714 illi
2183 3648 2362 3729 prin--

416 3785 622 3879 „cipes
658 3785 935 3853 intactam
953 3781 1048 3851 avi
1079 3793 1438 3868 acceperunt
1451 3778 1776 3864 potentiam
1801 3825 1824 3859 ‚
1858 3763 2186 3843 differentia
2219 3791 2352 3842 tan·

457 3927 586 3982 tum
648 3912 933 3982 existente
987 3911 1051 3978 in
1115 3888 1191 3978 eo
1209 3959 1235 3996 ‚
1310 3884 1480 3994 quod
1548 3905 1962 3979 Romanorum
2028 3904 2376 3989 Imperator

1415 4035 1486 4105 L·
1521 4056 1574 4104 2-
2248 4022 2386 4106 Pfi‘
