3000 4917
708 353 790 418 14
1538 345 1783 404 Ξ

706 575 750 614 „
786 524 1104 597 admittunt
1137 540 1199 593 et
1228 542 1343 594 noe
1393 521 1895 595 submovemus?
1976 524 2178 611 Leges
2231 528 2454 596 saeculi
2499 527 2602 595 hic

698 655 1135 742 intelligemus·
1186 672 1318 722 esse
1399 653 1614 724 civiles
1696 653 1875 722 docet
1939 653 2254 723 HonorIus
2329 655 2440 725 111.
2520 654 2605 726 C·

700 783 806 876 28.
861 783 944 848 X.
993 781 1071 848 de
1093 780 1474 871 privilegiis.
1537 780 1682 866 (7)

781 909 957 976 Hanc
1003 922 1202 978 autem
1247 908 1403 976 inter
1438 905 1910 976 ecclesiasticam
1928 926 2039 975 seu
2077 909 2442 992 spiritualem
2479 927 2598 994 po·

699 1050 970 1105 testatem
1014 1052 1197 1119 atque
1250 1036 1548 1104 saeculare
1595 1055 1706 1103 seu
1751 1034 1924 1103 civile
1970 1035 2294 1119 imperium
2350 1036 2598 1106 distim-

694 1164 920 1233 tionem
965 1161 1167 1234 fusius
1223 1176 1394 1249 notat
1431 1162 1827 1231 Lancelottus
1863 1163 1928 1229 in
1963 1162 2226 1233 Institut.
2266 1164 2433 1248 Juris
2478 1165 2597 1234 Ca·

695 1292 901 1360 nonici
984 1291 1049 1358 in
1120 1290 1216 1357 his
1290 1289 1532 1360 verbisz
1618 1289 1770 1360 Lib.
1845 1291 1957 1360 111.
2026 1291 2164 1358 Tit.
2256 1310 2315 1358 ι.
2381 1306 2460 1378 p.
2530 1311 2595 1357 1.

701 1457 747 1500 ‚‚
784 1419 931 1487 Deo
997 1417 1152 1483 enim
1219 1431 1364 1486 sunt
1437 1416 1666 1499 quihus
1732 1416 2138 1502 principaliter
2207 1416 2375 1484 orbis
2439 1416 2595 1503 regi·

700 1585 747 1628 „
780 1556 906 1611 tur.
992 1537 1338 1612 Auctoritas
1387 1562 1551 1612 sacra
1600 1544 1959 1613 Pontificum
2021 1560 2082 1612 et
2148 1544 2473 1629 imperialis
2521 1563 2593 1610 ac

700 1703 745 1755 ,·,
782 1645 972 1756 Regia
1038 1686 1326 1755 potestas.
1415 1672 1595 1739 Unde
1639 1671 1797 1740 sicut
1841 1656 2126 1743 civilium
2177 1674 2376 1755 legum
2394 1718 2417 1753 ‚
2465 1688 2592 1737 non

701 1843 743 1882 ‚‚
782 1798 903 1867 nisi
953 1797 1162 1870 civilis
1216 1798 1393 1866 debet
1427 1815 1563 1866 esse
1598 1811 1883 1869 executor
1904 1846 1929 1882 ‚
1988 1800 2070 1866 ita
2103 1798 2275 1866 etiam
2330 1797 2597 1864 Ecclesi-

699 1972 744 2008 ‚,
783 1930 1130 1996 auleatum
1186 1926 1648 1995 Ecclesiasticus
1701 1927 1885 2012 iudex
1951 1939 2043 1992 est
2086 1924 2521 1989 administrator
2529 1923 2591 1989 .'‘

782 2051 981 2123 Civile
1045 2053 1228 2137 igitur
1282 2071 1410 2120 non
1463 2066 1595 2136 est,
1660 2054 1826 2135 quod
1876 2052 1954 2117 ad
1998 2050 2288 2115 civitatem
2333 2049 2594 2130 pertinet

701 2180 802 2245 vel
861 2179 1091 2245 ratione
1154 2179 1410 2248 civitatis
1473 2179 1582 2262 fir,
1653 2179 1763 2247 sed
1816 2178 1983 2260 quod
2026 2189 2190 2243 extra
2239 2174 2593 2243 clericorum

694 2304 968 2389 positum
1047 2319 1142 2372 est
1193 2306 1628 2374 auctoritatem.
1731 2306 1895 2373 Hinc
1972 2306 2157 2371 Mors
2229 2303 2441 2371 Civilis
2494 2324 2592 2370 se-

697 2434 964 2503 cundum
1052 2432 1223 2506 verbi
1301 2433 1424 2501 vim
1445 2480 1470 2516 ‚
1509 2417 1520 2432 '
1554 2449 1680 2499 non
1750 2433 1846 2499 illa
1912 2450 2107 2515 poena
2127 2478 2151 2513 ‚
2243 2451 2367 2513 qua
2454 2430 2590 2512 quis

695 2559 918 2629 civitati
939 2608 964 2644 ‚
988 2559 1114 2627 sive
1143 2547 1453 2629 hominum
1487 2560 1720 2628 cuidam
1746 2558 2053 2640 societati,
2100 2572 2379 2626 mortuus
2410 2556 2592 2623 habe-

696 2701 842 2772 tur3
946 2689 1054 2756 sed
1118 2701 1215 2755 est
1276 2687 1474 2758 Mors.
1531 2686 1789 2770 civilis,
1876 2685 2036 2752 fictio
2053 2733 2079 2768 ,
2166 2705 2287 2769 qua
2349 2685 2593 2752 saeculo

702 2813 841 2897 quis
901 2815 1152 2899 periisse
1218 2814 1435 2886 dicitur
1451 2862 1476 2898 ‚
1552 2833 1664 2882 seu
1710 2834 1747 2882 a
1787 2813 2210 2882 communione
2257 2826 2591 2880 ceterorum

701 2941 1013 3012 hominum
1071 2956 1377 3027 separatur
1401 2990 1426 3026 ‚
1499 2941 1658 3010 sicut
1691 2959 1861 3009 mors
1914 2940 2267 3028 spiritualis
2296 2953 2548 3006 vocatur
2565 2984 2588 3019 ‚

706 3072 948 3153 quando
1044 3070 1321 3139 ecclesiae
1412 3069 1834 3138 communione
1920 3067 2095 3136 alicui
2184 3066 2591 3146 interdicitur3

705 3201 782 3267 ad
849 3201 1026 3287 cujus
1089 3199 1338 3285 effigiem
1403 3212 1658 3268 mortem
1716 3196 1952 3268 civilem
2001 3196 2395 3263 introductam
2448 3191 2596 3259 fuis·

708 3345 773 3393 se
822 3328 886 3396 in
936 3343 1246 3412 posterum
1296 3326 1629 3411 apparebit.

800 3452 920 3522 Sed
988 3467 1220 3540 praeter
1301 3454 1455 3520 hanc
1539 3452 1907 3520 Historicam
1996 3449 2542 3533 lutei-pretationem
2570 3496 2595 3532 ‚

717 3581 971 3649 duorum
1008 3582 1592 3667 Jurisconsultorum
1645 3583 1816 3648 liceat
1856 3580 2107 3666 allegare
2151 3578 2555 3646 testimonium
2574 3620 2602 3659 ,

2437 3704 2603 3788 quod

823 3874 855 3940 (
872 3888 903 3942 7
918 3876 951 3943 >
994 3875 1121 3930 vm.
1140 3877 1349 3930 Goldast
1362 3880 1552 3931 Rerum
1580 3875 2006 3932 Alemannicarum
2024 3912 2044 3942 ,
2079 3879 2138 3933 T.
2163 3876 2236 3933 11.
2256 3886 2380 3942 pan.
2398 3884 2455 3939 p.
2480 3871 2594 3932 165.

2713 437 2782 464 x·
