3000 4917
1192 359 1438 426 ετξ-5
2168 380 2290 448 ¹17

1206 651 1396 734 §.s-

437 929 529 999 Ut
600 927 756 995 enim
824 924 1071 1008 aliquod
1126 924 1469 994 institutum
1517 943 1741 994 nomen
1791 944 1984 998 mutet
2031 946 2135 1001 aut
2181 934 2258 1001 ab
2350 939 2355 945 ’

352 1055 571 1124 effectu
606 1071 947 1140 cognomen
993 1051 1245 1134 accipiat
1264 1099 1289 1134 ‚
1346 1054 1520 1135 quod
1557 1071 1685 1121 non
1739 1054 1874 1138 ipsa
1921 1059 2054 1142 lege
2109 1078 2257 1127 con.

350 1183 573 1250 tinetur
591 1228 615 1264 ,
675 1180 996 1264 requiritur
1013 1224 1040 1261 ,
1089 1194 1161 1248 ut
1210 1179 1293 1247 sit
1327 1181 1613 1262 quaedam
1665 1188 1909 1250 actuum
1972 1183 2255 1268 frequen-

344 1312 463 1393 tia,
521 1328 643 1392 qua
678 1307 776 1376 ·fit
832 1325 903 1376 ut
952 1322 1153 1374 certus
1219 1306 1285 1373 in
1343 1305 1487 1375 foro
1550 1308 2078 1404 vocibus-sensus
2153 1312 2259 1382 tri-

341 1437 583 1506 buatur.

408 1564 738 1646 ‚Tempore
764 1563 922 1628 enlm
958 1574 1020 1628 et
1054 1577 1449 1630 usu.tantum
1489 1565 1784 1650 efficitur,
1831 1581 1988 1636 utea
2026 1567 2255 1651 verba,

344 1709 501 1772 quae
529 1689 737 1770 plures
760 1687 825 1752 in
844 1707 913 1754 se
940 1687 1221 1754 notiones
1242 1691 1727 1769 complectuntur
1744 1739 1769 1772 ‚
1808 1695 1937 1758 sine
1970 1695 2257 1761 ulteriore

337 1815 738 1899 explicatione
792 1832 901 1896 per
970 1833 1038 1880 se
1097 1813 1500 1898 intelligantur
1518 1862 1543 1896 ,
1623 1834 1736 1882 nec
1791 1819 2042 1899 prodest
2093 1823 2264 1900 quod

338 1962 505 2017 unus
560 1943 783 2010 alterve
825 1941 1301 2026 jurisconsultus
1358 1955 1552 2009 tractu
1611 1943 1903 2011 orationis
1949 1945 2035 2012 rei
2082 1944 2258 2014 indo-

335 2075 452 2138 lem
503 2084 819 2155 exponat,
864 2084 933 2137 ut
992 2090 1067 2136 ex
1117 2069 1276 2138 illius
1326 2088 1433 2137 ore
1481 2072 1559 2136 ad
1608 2071 1786 2139 vitam
1841 2073 2246 2154 quotidianam

335 2195 728 2266 transferatur
769 2195 965 2279 illud,
1012 2197 1181 2279 quod
1230 2197 1459 2280 vulgari
1499 2197 1816 2266 hominum
1869 2202 2074 2286 captui
2109 2220 2239 2298 non

333 2325 477 2393 satis
513 2323 1025 2394 accommodatum
1049 2371 1074 2405 ,
1111 2324 1454 2406 praesertim
1474 2323 1529 2390 si
1561 2325 1683 2393 alio
1712 2327 1955 2393 nomine
1984 2348 2083 2395 res
2116 2329 2241 2396 dis-

330 2448 531 2539 tingui
597 2441 823 2533 potest.
929 2450 1118 2538 Quod
1165 2449 1232 2517 -si
1289 2452 1410 2535 jam
1465 2449 1618 2520 illud
1681 2453 1984 2522 forbanno
2042 2455 2239 2539 appii-

331 2597 578 2660 cernue,
615 2577 812 2662 gravis
840 2597 1018 2646 causa
1060 2593 1199 2659 est,
1236 2597 1355 2660 qua
1388 2593 1641 2662 propter
1668 2601 1792 2648 vox
1829 2601 1996 2649 mors
2033 2583 2227 2651 civilia

326 2705 644 2774 Germanis
712 2688 897 2773 fuerit
950 2705 1252 2790 incognita
1308 2726 1419 2773 seu
1484 2709 1694 2789 potuis
1747 2709 1998 2777 omissa.
2080 2711 2237 2778 Pro-

329 2833 625 2906 scribendi
672 2835 776 2917 ius
834 2832 951 2899 soli
1008 2835 1164 2903 enim
1218 2832 1568 2917 Imperatori
1603 2834 2046 2902 concedebatur
2067 2882 2095 2916 ‚
2145 2836 2233 2902 ita

327 2965 398 3028 ut
452 2958 517 3023 in
565 2959 846 3025 universo
902 2957 1255 3024 Germaniae
1297 2958 1550 3040 imperio
1607 2959 1855 3026 unicum
1909 2971 2069 3027 esset
2127 2958 2238 3024 tri-

323 3086 510 3154 bunal
530 3130 554 3166 ‚
608 3103 735 3165 quo
796 3085 871 3149 de
927 3083 1041 3148 hac
1088 3098 1285 3164 poena
1343 3099 1639 3165 ageretur.
1741 3083 1928 3168 Quod
1974 3085 2030 3150 si
2079 3092 2232 3153 vero'

323 3213 543 3281 absens
578 3211 906 3292 Imperator
933 3211 1032 3277 vel
1051 3208 1468 3276 Romanorum
1500 3207 1636 3276 Rex
1657 3254 1682 3288 ,
1724 3207 1989 3275 Palatino
2019 3209 2232 3278 comiti

323 3339 595 3406 mandata
643 3350 768 3402 erat
822 3316 1159 3421 iurisdictio
1184 3377 1210 3414 ‚
1246 3334 1353 3415 qui
1384 3333 1496 3399 etsi
1537 3353 1814 3402 summus
1868 3333 2238 3408 Germaniae:
2333 3367 2365 3396 κ

327 3481 474 3549 post
525 3463 856 3550 principem
887 3463 1071 3548 judex
1093 3507 1120 3542 ,
1170 3459 1383 3527 melius
1438 3475 1638 3526 tamen
1673 3461 1862 3545 vulgo
1904 3462 1968 3529 in
2005 3465 2233 3533 castris·

323 3613 390 3661 ac
445 3594 607 3662 ludis
629 3640 654 3674 ,
726 3610 904 3673 quam
954 3589 1017 3654 in
1079 3586 1243 3656 curia
1306 3604 1626 3671 personam
1679 3588 1834 3656 tueri
1905 3590 2240 3664 didicerat·-

322 3719 483 3788 Hinc
533 3720 613 3787 ad
658 3717 843 3785 instar
891 3731 1162 3785 veterum
1218 3714 1543 3806 missorum
1611 3714 1786 3789 aulici
1843 3717 1870 3800 j
1877 3718 2076 3788 udices
2124 3721 2216 3788 in..

321 3847 555 3932 astuti,
620 3864 779 3930 quos
852 3842 1092 3928 quidem
1142 3841 1423 3912 forbanni
1476 3845 1578 3931 ius
1645 3843 1923 3921 habuisee
1983 3864 2234 3916 constat

1289 3972 1341 4042 P
1377 3990 1416 4056 3
2123 3992 2223 4036 re*
