<?xml version="1.0" encoding="UTF-8"?>
<!DOCTYPE html PUBLIC "-//W3C//DTD XHTML 1.0 Transitional//EN"
    "http://www.w3.org/TR/xhtml1/DTD/xhtml1-transitional.dtd">
<html xmlns="http://www.w3.org/1999/xhtml" xml:lang="en" lang="en">
 <head>
  <title>
</title>
<meta http-equiv="Content-Type" content="text/html;charset=utf-8" />
  <meta name='ocr-system' content='tesseract 3.04.00' />
  <meta name='ocr-capabilities' content='ocr_page ocr_carea ocr_par ocr_line ocrx_word'/>
</head>
<body>
  <div class='ocr_page' id='page_1' title='image "./demortecivili00unkngoog_0214.png"; bbox 0 0 3000 4917; ppageno 0'>
   <div class='ocr_carea' id='block_1_1' title="bbox 624 327 1702 414">
    <p class='ocr_par' dir='ltr' id='par_1_1' title="bbox 624 327 1702 414">
     <span class='ocr_line' id='line_1_1' title="bbox 624 327 1702 414; baseline -0.002 -18"><span class='ocrx_word' id='word_1_1' title='bbox 624 327 745 414; x_wconf 67' lang='lat'>198</span> <span class='ocrx_word' id='word_1_2' title='bbox 1456 330 1702 394; x_wconf 78' lang='lat'>==</span> 
     </span>
    </p>
   </div>
   <div class='ocr_carea' id='block_1_2' title="bbox 630 509 2577 3274">
    <p class='ocr_par' dir='ltr' id='par_1_2' title="bbox 630 509 2577 3274">
     <span class='ocr_line' id='line_1_2' title="bbox 636 509 2542 596; baseline -0.002 -10"><span class='ocrx_word' id='word_1_3' title='bbox 636 519 745 590; x_wconf 73' lang='lat' dir='ltr'>An</span> <span class='ocrx_word' id='word_1_4' title='bbox 786 529 983 586; x_wconf 71' lang='lat' dir='ltr'>temen</span> <span class='ocrx_word' id='word_1_5' title='bbox 1046 509 1562 580; x_wconf 78' lang='lat' dir='ltr'>excommunicati</span> <span class='ocrx_word' id='word_1_6' title='bbox 1605 509 1860 596; x_wconf 82' lang='lat' dir='ltr'>impune</span> <span class='ocrx_word' id='word_1_7' title='bbox 1915 509 2118 578; x_wconf 88' lang='lat' dir='ltr'>occidi</span> <span class='ocrx_word' id='word_1_8' title='bbox 2173 513 2492 596; x_wconf 88' lang='lat' dir='ltr'>potuerint</span> <span class='ocrx_word' id='word_1_9' title='bbox 2509 555 2542 594; x_wconf 86' lang='lat'>,</span> 
     </span>
     <span class='ocr_line' id='line_1_3' title="bbox 636 636 2544 727; baseline -0.005 -8"><span class='ocrx_word' id='word_1_10' title='bbox 636 647 896 727; x_wconf 84' lang='lat' dir='ltr'>dubito,</span> <span class='ocrx_word' id='word_1_11' title='bbox 932 641 1055 710; x_wconf 83' lang='lat' dir='ltr'>nisi</span> <span class='ocrx_word' id='word_1_12' title='bbox 1083 639 1411 708; x_wconf 78' lang='lat' dir='ltr'>accedente</span> <span class='ocrx_word' id='word_1_13' title='bbox 1441 636 1837 724; x_wconf 81' lang='lat' dir='ltr'>utlagatione.</span> <span class='ocrx_word' id='word_1_14' title='bbox 1917 637 2088 706; x_wconf 84' lang='lat' dir='ltr'>Haec</span> <span class='ocrx_word' id='word_1_15' title='bbox 2117 639 2304 724; x_wconf 80' lang='lat' dir='ltr'>igitur</span> <span class='ocrx_word' id='word_1_16' title='bbox 2323 660 2544 710; x_wconf 76' lang='lat' dir='ltr'>rursus</span> 
     </span>
     <span class='ocr_line' id='line_1_4' title="bbox 636 765 2550 852; baseline -0.002 -12"><span class='ocrx_word' id='word_1_17' title='bbox 636 791 711 840; x_wconf 81' lang='lat' dir='ltr'>ex</span> <span class='ocrx_word' id='word_1_18' title='bbox 780 772 993 838; x_wconf 85' lang='lat' dir='ltr'>eodem</span> <span class='ocrx_word' id='word_1_19' title='bbox 1051 765 1233 836; x_wconf 77' lang='lat' dir='ltr'>fonte</span> <span class='ocrx_word' id='word_1_20' title='bbox 1292 765 1747 852; x_wconf 84' lang='lat' dir='ltr'>proficiscitur,</span> <span class='ocrx_word' id='word_1_21' title='bbox 1805 783 1842 832; x_wconf 98' lang='lat' dir='ltr'>e</span> <span class='ocrx_word' id='word_1_22' title='bbox 1897 785 2026 850; x_wconf 89' lang='lat' dir='ltr'>quo</span> <span class='ocrx_word' id='word_1_23' title='bbox 2059 785 2246 852; x_wconf 72' lang='lat' dir='ltr'>cupra</span> <span class='ocrx_word' id='word_1_24' title='bbox 2291 767 2550 836; x_wconf 82' lang='lat' dir='ltr'>forban·</span> 
     </span>
     <span class='ocr_line' id='line_1_5' title="bbox 630 891 2540 978; baseline -0.003 -10"><span class='ocrx_word' id='word_1_25' title='bbox 630 915 783 968; x_wconf 84' lang='lat' dir='ltr'>num</span> <span class='ocrx_word' id='word_1_26' title='bbox 830 896 1279 966; x_wconf 85' lang='lat' dir='ltr'>Germanorum</span> <span class='ocrx_word' id='word_1_27' title='bbox 1330 909 1538 964; x_wconf 86' lang='lat' dir='ltr'>ortum</span> <span class='ocrx_word' id='word_1_28' title='bbox 1587 891 1782 960; x_wconf 73' lang='lat' dir='ltr'>fuisse</span> <span class='ocrx_word' id='word_1_29' title='bbox 1821 893 2132 975; x_wconf 70' lang='lat' dir='ltr'>vidimus,</span> <span class='ocrx_word' id='word_1_30' title='bbox 2189 893 2252 960; x_wconf 88' lang='lat' dir='ltr'>id</span> <span class='ocrx_word' id='word_1_31' title='bbox 2293 911 2430 978; x_wconf 74' lang='lat' dir='ltr'>est,</span> <span class='ocrx_word' id='word_1_32' title='bbox 2499 913 2540 962; x_wconf 89' lang='lat' dir='ltr'>e</span> 
     </span>
     <span class='ocr_line' id='line_1_6' title="bbox 630 1022 2534 1112; baseline -0.001 -18"><span class='ocrx_word' id='word_1_33' title='bbox 630 1022 826 1094; x_wconf 82' lang='lat' dir='ltr'>fracta</span> <span class='ocrx_word' id='word_1_34' title='bbox 871 1044 1024 1109; x_wconf 85' lang='lat' dir='ltr'>pace</span> <span class='ocrx_word' id='word_1_35' title='bbox 1074 1041 1137 1094; x_wconf 92' lang='lat' dir='ltr'>et</span> <span class='ocrx_word' id='word_1_36' title='bbox 1194 1025 1491 1112; x_wconf 74' lang='lat' dir='ltr'>denegata</span> <span class='ocrx_word' id='word_1_37' title='bbox 1557 1023 2046 1108; x_wconf 78' lang='lat' dir='ltr'>compositione3</span> <span class='ocrx_word' id='word_1_38' title='bbox 2111 1037 2373 1092; x_wconf 83' lang='lat' dir='ltr'>attamen</span> <span class='ocrx_word' id='word_1_39' title='bbox 2427 1024 2534 1092; x_wconf 85' lang='lat' dir='ltr'>hic</span> 
     </span>
     <span class='ocr_line' id='line_1_7' title="bbox 640 1149 2558 1240; baseline 0 -20"><span class='ocrx_word' id='word_1_40' title='bbox 640 1154 938 1238; x_wconf 85' lang='lat' dir='ltr'>quaedam</span> <span class='ocrx_word' id='word_1_41' title='bbox 988 1153 1057 1224; x_wconf 89' lang='lat' dir='ltr'>in</span> <span class='ocrx_word' id='word_1_42' title='bbox 1102 1154 1237 1240; x_wconf 84' lang='lat' dir='ltr'>jure</span> <span class='ocrx_word' id='word_1_43' title='bbox 1290 1151 1654 1222; x_wconf 80' lang='lat' dir='ltr'>observatur</span> <span class='ocrx_word' id='word_1_44' title='bbox 1683 1149 2016 1220; x_wconf 81' lang='lat' dir='ltr'>differentia</span> <span class='ocrx_word' id='word_1_45' title='bbox 2043 1198 2070 1236; x_wconf 91' lang='lat'><strong>,</strong></span> <span class='ocrx_word' id='word_1_46' title='bbox 2091 1171 2246 1236; x_wconf 81' lang='lat' dir='ltr'>quae</span> <span class='ocrx_word' id='word_1_47' title='bbox 2291 1171 2422 1222; x_wconf 90' lang='lat' dir='ltr'>non</span> <span class='ocrx_word' id='word_1_48' title='bbox 2475 1170 2558 1220; x_wconf 78' lang='lat' dir='ltr'>ex</span> 
     </span>
     <span class='ocr_line' id='line_1_8' title="bbox 642 1265 2568 1368; baseline -0.003 -17"><span class='ocrx_word' id='word_1_49' title='bbox 642 1283 777 1368; x_wconf 76' lang='lat' dir='ltr'>ipsa</span> <span class='ocrx_word' id='word_1_50' title='bbox 832 1299 936 1364; x_wconf 88' lang='lat' dir='ltr'>re,</span> <span class='ocrx_word' id='word_1_51' title='bbox 978 1297 1055 1348; x_wconf 83' lang='lat' dir='ltr'>ex</span> <span class='ocrx_word' id='word_1_52' title='bbox 1094 1279 1203 1348; x_wconf 73' lang='lat' dir='ltr'>sed</span> <span class='ocrx_word' id='word_1_53' title='bbox 1250 1279 1469 1364; x_wconf 86' lang='lat' dir='ltr'>populi</span> <span class='ocrx_word' id='word_1_54' title='bbox 1515 1277 1869 1344; x_wconf 87' lang='lat' dir='ltr'>conditione</span> <span class='ocrx_word' id='word_1_55' title='bbox 1921 1277 2198 1362; x_wconf 83' lang='lat' dir='ltr'>profluit.</span> <span class='ocrx_word' id='word_1_56' title='bbox 2553 1265 2568 1274; x_wconf 77' lang='grc'><strong>’</strong></span> 
     </span>
     <span class='ocr_line' id='line_1_9' title="bbox 726 1405 2542 1494; baseline -0.001 -18"><span class='ocrx_word' id='word_1_57' title='bbox 726 1409 919 1494; x_wconf 82' lang='lat' dir='ltr'>Apud</span> <span class='ocrx_word' id='word_1_58' title='bbox 970 1407 1369 1476; x_wconf 79' lang='lat' dir='ltr'>Normannoa</span> <span class='ocrx_word' id='word_1_59' title='bbox 1414 1421 1479 1474; x_wconf 90' lang='lat' dir='ltr'>et</span> <span class='ocrx_word' id='word_1_60' title='bbox 1535 1408 1782 1490; x_wconf 81' lang='lat' dir='ltr'>Anglos</span> <span class='ocrx_word' id='word_1_61' title='bbox 1841 1405 2014 1472; x_wconf 78' lang='lat' dir='ltr'>Deus</span> <span class='ocrx_word' id='word_1_62' title='bbox 2067 1424 2139 1475; x_wconf 87' lang='lat' dir='ltr'>ac</span> <span class='ocrx_word' id='word_1_63' title='bbox 2193 1407 2326 1472; x_wconf 85' lang='lat' dir='ltr'>Rex</span> <span class='ocrx_word' id='word_1_64' title='bbox 2375 1406 2542 1490; x_wconf 81' lang='lat' dir='ltr'><strong>pacis</strong></span> 
     </span>
     <span class='ocr_line' id='line_1_10' title="bbox 646 1533 2542 1622; baseline -0.001 -18"><span class='ocrx_word' id='word_1_65' title='bbox 646 1551 973 1622; x_wconf 84' lang='lat' dir='ltr'>auctores;</span> <span class='ocrx_word' id='word_1_66' title='bbox 1030 1535 1097 1601; x_wconf 88' lang='lat' dir='ltr'>hi</span> <span class='ocrx_word' id='word_1_67' title='bbox 1148 1533 1313 1600; x_wconf 89' lang='lat' dir='ltr'>enirn</span> <span class='ocrx_word' id='word_1_68' title='bbox 1366 1553 1586 1602; x_wconf 85' lang='lat' dir='ltr'>omnes</span> <span class='ocrx_word' id='word_1_69' title='bbox 1639 1535 1876 1601; x_wconf 81' lang='lat' dir='ltr'>incolas</span> <span class='ocrx_word' id='word_1_70' title='bbox 1929 1534 2048 1602; x_wconf 75' lang='lat' dir='ltr'>sub</span> <span class='ocrx_word' id='word_1_71' title='bbox 2093 1536 2392 1618; x_wconf 83' lang='lat' dir='ltr'>praesidio</span> <span class='ocrx_word' id='word_1_72' title='bbox 2435 1535 2542 1602; x_wconf 86' lang='lat' dir='ltr'>ha·</span> 
     </span>
     <span class='ocr_line' id='line_1_11' title="bbox 640 1662 2539 1748; baseline -0.002 -13"><span class='ocrx_word' id='word_1_73' title='bbox 640 1663 869 1735; x_wconf 83' lang='lat' dir='ltr'>bebant</span> <span class='ocrx_word' id='word_1_74' title='bbox 890 1706 919 1746; x_wconf 88' lang='lat'><strong>,</strong></span> <span class='ocrx_word' id='word_1_75' title='bbox 982 1662 1256 1744; x_wconf 75' lang='lat' dir='ltr'>adeoque</span> <span class='ocrx_word' id='word_1_76' title='bbox 1320 1662 1644 1728; x_wconf 85' lang='lat' dir='ltr'>criminum</span> <span class='ocrx_word' id='word_1_77' title='bbox 1715 1662 1986 1730; x_wconf 83' lang='lat' dir='ltr'>vindicta</span> <span class='ocrx_word' id='word_1_78' title='bbox 2037 1680 2166 1730; x_wconf 81' lang='lat' dir='ltr'>non</span> <span class='ocrx_word' id='word_1_79' title='bbox 2219 1663 2484 1748; x_wconf 80' lang='lat' dir='ltr'>singulis</span> <span class='ocrx_word' id='word_1_80' title='bbox 2508 1710 2539 1748; x_wconf 83' lang='lat'><strong>,</strong></span> 
     </span>
     <span class='ocr_line' id='line_1_12' title="bbox 642 1783 2542 1873; baseline -0.003 -13"><span class='ocrx_word' id='word_1_81' title='bbox 642 1790 755 1860; x_wconf 81' lang='lat' dir='ltr'>sed</span> <span class='ocrx_word' id='word_1_82' title='bbox 801 1786 1120 1858; x_wconf 79' lang='lat' dir='ltr'>Ecclesiae</span> <span class='ocrx_word' id='word_1_83' title='bbox 1170 1803 1241 1852; x_wconf 89' lang='lat' dir='ltr'>ac</span> <span class='ocrx_word' id='word_1_84' title='bbox 1293 1783 1566 1869; x_wconf 87' lang='lat' dir='ltr'>Principi</span> <span class='ocrx_word' id='word_1_85' title='bbox 1619 1787 1971 1854; x_wconf 84' lang='lat' dir='ltr'>commissa.</span> <span class='ocrx_word' id='word_1_86' title='bbox 2059 1786 2302 1854; x_wconf 82' lang='lat' dir='ltr'>Horum</span> <span class='ocrx_word' id='word_1_87' title='bbox 2352 1790 2542 1873; x_wconf 79' lang='lat' dir='ltr'>igitur</span> 
     </span>
     <span class='ocr_line' id='line_1_13' title="bbox 638 1909 2544 2002; baseline 0.001 -19"><span class='ocrx_word' id='word_1_88' title='bbox 638 1935 767 2002; x_wconf 81' lang='lat' dir='ltr'>pax</span> <span class='ocrx_word' id='word_1_89' title='bbox 814 1912 1009 1982; x_wconf 85' lang='lat' dir='ltr'>fracta</span> <span class='ocrx_word' id='word_1_90' title='bbox 1034 1957 1063 1992; x_wconf 85' lang='lat'><strong>,</strong></span> <span class='ocrx_word' id='word_1_91' title='bbox 1124 1909 1191 1978; x_wconf 90' lang='lat' dir='ltr'>hi</span> <span class='ocrx_word' id='word_1_92' title='bbox 1234 1909 1379 1978; x_wconf 74' lang='lat' dir='ltr'>laesi</span> <span class='ocrx_word' id='word_1_93' title='bbox 1396 1955 1423 1992; x_wconf 86' lang='lat'><strong>,</strong></span> <span class='ocrx_word' id='word_1_94' title='bbox 1496 1929 1572 1977; x_wconf 89' lang='lat' dir='ltr'>ac</span> <span class='ocrx_word' id='word_1_95' title='bbox 1629 1911 1887 1994; x_wconf 86' lang='lat' dir='ltr'>proinde</span> <span class='ocrx_word' id='word_1_96' title='bbox 1935 1911 2314 1996; x_wconf 84' lang='lat' dir='ltr'>delinquenti</span> <span class='ocrx_word' id='word_1_97' title='bbox 2369 1935 2544 1984; x_wconf 87' lang='lat' dir='ltr'>suam</span> 
     </span>
     <span class='ocr_line' id='line_1_14' title="bbox 636 2035 2548 2127; baseline 0.002 -21"><span class='ocrx_word' id='word_1_98' title='bbox 636 2041 962 2127; x_wconf 71' lang='lat' dir='ltr'>amicitiam</span> <span class='ocrx_word' id='word_1_99' title='bbox 1012 2039 1111 2104; x_wconf 90' lang='lat' dir='ltr'>vel</span> <span class='ocrx_word' id='word_1_100' title='bbox 1168 2053 1383 2120; x_wconf 80' lang='lat' dir='ltr'>pacem</span> <span class='ocrx_word' id='word_1_101' title='bbox 1424 2035 1805 2119; x_wconf 82' lang='lat' dir='ltr'>denegabant</span> <span class='ocrx_word' id='word_1_102' title='bbox 1829 2081 1854 2116; x_wconf 87' lang='lat'><strong>,</strong></span> <span class='ocrx_word' id='word_1_103' title='bbox 1919 2053 2041 2103; x_wconf 78' lang='lat' dir='ltr'>suo</span> <span class='ocrx_word' id='word_1_104' title='bbox 2097 2041 2399 2124; x_wconf 83' lang='lat' dir='ltr'>praesidio</span> <span class='ocrx_word' id='word_1_105' title='bbox 2441 2043 2548 2110; x_wconf 87' lang='lat' dir='ltr'>de·</span> 
     </span>
     <span class='ocr_line' id='line_1_15' title="bbox 642 2162 2551 2258; baseline 0.003 -26"><span class='ocrx_word' id='word_1_106' title='bbox 642 2163 1003 2238; x_wconf 76' lang='lat' dir='ltr'>stituebant.</span> <span class='ocrx_word' id='word_1_107' title='bbox 1102 2162 1287 2258; x_wconf 25' lang='lat' dir='ltr'>Pacis·</span> <span class='ocrx_word' id='word_1_108' title='bbox 1354 2162 1731 2228; x_wconf 81' lang='lat' dir='ltr'>constitutio</span> <span class='ocrx_word' id='word_1_109' title='bbox 1795 2177 1906 2228; x_wconf 85' lang='lat' dir='ltr'>seu</span> <span class='ocrx_word' id='word_1_110' title='bbox 1965 2178 2212 2246; x_wconf 87' lang='lat' dir='ltr'>pactum</span> <span class='ocrx_word' id='word_1_111' title='bbox 2267 2167 2344 2234; x_wconf 92' lang='lat' dir='ltr'>de</span> <span class='ocrx_word' id='word_1_112' title='bbox 2399 2188 2551 2254; x_wconf 85' lang='lat' dir='ltr'>pace</span> 
     </span>
     <span class='ocr_line' id='line_1_16' title="bbox 646 2287 2550 2380; baseline 0.001 -16"><span class='ocrx_word' id='word_1_113' title='bbox 646 2297 978 2379; x_wconf 71' lang='lat' dir='ltr'>servanda,</span> <span class='ocrx_word' id='word_1_114' title='bbox 1012 2296 1145 2362; x_wconf 83' lang='lat' dir='ltr'>sive</span> <span class='ocrx_word' id='word_1_115' title='bbox 1188 2295 1349 2361; x_wconf 89' lang='lat' dir='ltr'>inter</span> <span class='ocrx_word' id='word_1_116' title='bbox 1380 2292 1660 2377; x_wconf 85' lang='lat' dir='ltr'>privatos</span> <span class='ocrx_word' id='word_1_117' title='bbox 1705 2287 1872 2356; x_wconf 86' lang='lat' dir='ltr'>fieret</span> <span class='ocrx_word' id='word_1_118' title='bbox 1891 2335 1914 2372; x_wconf 86' lang='lat'>,</span> <span class='ocrx_word' id='word_1_119' title='bbox 1957 2291 2088 2358; x_wconf 86' lang='lat' dir='ltr'>sive</span> <span class='ocrx_word' id='word_1_120' title='bbox 2126 2310 2161 2359; x_wconf 87' lang='lat' dir='ltr'>a</span> <span class='ocrx_word' id='word_1_121' title='bbox 2207 2294 2381 2380; x_wconf 87' lang='lat' dir='ltr'>Rege</span> <span class='ocrx_word' id='word_1_122' title='bbox 2440 2290 2550 2366; x_wconf 76' lang='lat' dir='ltr'>aut</span> 
     </span>
     <span class='ocr_line' id='line_1_17' title="bbox 650 2416 2552 2510; baseline -0.001 -14"><span class='ocrx_word' id='word_1_123' title='bbox 650 2423 989 2510; x_wconf 67' lang='lat' dir='ltr'>Episcopi-⁴1</span> <span class='ocrx_word' id='word_1_124' title='bbox 1044 2420 1381 2493; x_wconf 81' lang='lat' dir='ltr'>ediceretur</span> <span class='ocrx_word' id='word_1_125' title='bbox 1442 2416 1762 2486; x_wconf 84' lang='lat' dir='ltr'>dicebatur</span> <span class='ocrx_word' id='word_1_126' title='bbox 1813 2417 1970 2504; x_wconf 83' lang='lat' dir='ltr'>laga</span> <span class='ocrx_word' id='word_1_127' title='bbox 2021 2435 2133 2486; x_wconf 85' lang='lat' dir='ltr'>seu</span> <span class='ocrx_word' id='word_1_128' title='bbox 2189 2419 2298 2508; x_wconf 80' lang='lat' dir='ltr'>lag</span> <span class='ocrx_word' id='word_1_129' title='bbox 2345 2423 2380 2508; x_wconf 89' lang='lat'>(</span> <span class='ocrx_word' id='word_1_130' title='bbox 2397 2445 2434 2508; x_wconf 84' lang='lat'><strong>3</strong></span> <span class='ocrx_word' id='word_1_131' title='bbox 2443 2429 2552 2510; x_wconf 76' lang='lat'>5).</span> 
     </span>
     <span class='ocr_line' id='line_1_18' title="bbox 652 2545 2554 2634; baseline 0.003 -18"><span class='ocrx_word' id='word_1_132' title='bbox 652 2548 807 2616; x_wconf 90' lang='lat' dir='ltr'>Non</span> <span class='ocrx_word' id='word_1_133' title='bbox 837 2551 1027 2634; x_wconf 86' lang='lat' dir='ltr'>igitur</span> <span class='ocrx_word' id='word_1_134' title='bbox 1074 2548 1413 2630; x_wconf 85' lang='lat' dir='ltr'>Germani,</span> <span class='ocrx_word' id='word_1_135' title='bbox 1449 2548 1558 2629; x_wconf 89' lang='lat' dir='ltr'>qui</span> <span class='ocrx_word' id='word_1_136' title='bbox 1611 2545 2013 2614; x_wconf 79' lang='lat' dir='ltr'>democratica</span> <span class='ocrx_word' id='word_1_137' title='bbox 2064 2548 2302 2632; x_wconf 86' lang='lat' dir='ltr'>imperii</span> <span class='ocrx_word' id='word_1_138' title='bbox 2352 2549 2554 2622; x_wconf 83' lang='lat' dir='ltr'>forma</span> 
     </span>
     <span class='ocr_line' id='line_1_19' title="bbox 648 2672 2552 2766; baseline -0.001 -20"><span class='ocrx_word' id='word_1_139' title='bbox 648 2675 973 2746; x_wconf 84' lang='lat' dir='ltr'>utebantur</span> <span class='ocrx_word' id='word_1_140' title='bbox 1000 2719 1027 2756; x_wconf 85' lang='lat'><strong>,</strong></span> <span class='ocrx_word' id='word_1_141' title='bbox 1087 2672 1475 2741; x_wconf 79' lang='lat' dir='ltr'>forbannitos</span> <span class='ocrx_word' id='word_1_142' title='bbox 1557 2691 1708 2741; x_wconf 80' lang='lat' dir='ltr'>suos</span> <span class='ocrx_word' id='word_1_143' title='bbox 1792 2677 2100 2760; x_wconf 81' lang='lat' dir='ltr'>utlagatos</span> <span class='ocrx_word' id='word_1_144' title='bbox 2169 2678 2369 2745; x_wconf 84' lang='lat' dir='ltr'>dicere</span> <span class='ocrx_word' id='word_1_145' title='bbox 2439 2701 2552 2766; x_wconf 86' lang='lat' dir='ltr'>po·</span> 
     </span>
     <span class='ocr_line' id='line_1_20' title="bbox 656 2801 2561 2892; baseline 0.003 -20"><span class='ocrx_word' id='word_1_146' title='bbox 656 2816 893 2884; x_wconf 82' lang='lat' dir='ltr'>terant,</span> <span class='ocrx_word' id='word_1_147' title='bbox 926 2801 1157 2886; x_wconf 86' lang='lat' dir='ltr'>quippe</span> <span class='ocrx_word' id='word_1_148' title='bbox 1220 2801 1385 2884; x_wconf 86' lang='lat' dir='ltr'>apud</span> <span class='ocrx_word' id='word_1_149' title='bbox 1458 2818 1568 2867; x_wconf 87' lang='lat' dir='ltr'>eos</span> <span class='ocrx_word' id='word_1_150' title='bbox 1609 2801 1850 2868; x_wconf 86' lang='lat' dir='ltr'>nullum</span> <span class='ocrx_word' id='word_1_151' title='bbox 1910 2818 2038 2870; x_wconf 86' lang='lat' dir='ltr'>erat</span> <span class='ocrx_word' id='word_1_152' title='bbox 2095 2811 2370 2888; x_wconf 86' lang='lat' dir='ltr'>generale</span> <span class='ocrx_word' id='word_1_153' title='bbox 2417 2829 2561 2892; x_wconf 88' lang='lat' dir='ltr'>pac·</span> 
     </span>
     <span class='ocr_line' id='line_1_21' title="bbox 664 2931 2558 3014; baseline 0.002 -14"><span class='ocrx_word' id='word_1_154' title='bbox 664 2945 801 3000; x_wconf 88' lang='lat' dir='ltr'>tum</span> <span class='ocrx_word' id='word_1_155' title='bbox 851 2931 927 2996; x_wconf 88' lang='lat' dir='ltr'>de</span> <span class='ocrx_word' id='word_1_156' title='bbox 983 2947 1175 3014; x_wconf 87' lang='lat' dir='ltr'>pace,</span> <span class='ocrx_word' id='word_1_157' title='bbox 1230 2947 1359 3012; x_wconf 89' lang='lat' dir='ltr'>quo</span> <span class='ocrx_word' id='word_1_158' title='bbox 1413 2947 1630 2999; x_wconf 80' lang='lat' dir='ltr'>omnes</span> <span class='ocrx_word' id='word_1_159' title='bbox 1691 2931 1858 2998; x_wconf 79' lang='lat' dir='ltr'>cives</span> <span class='ocrx_word' id='word_1_160' title='bbox 1923 2949 2034 3000; x_wconf 77' lang='lat' dir='ltr'>seu</span> <span class='ocrx_word' id='word_1_161' title='bbox 2091 2934 2329 3002; x_wconf 88' lang='lat' dir='ltr'>incolae</span> <span class='ocrx_word' id='word_1_162' title='bbox 2361 2938 2558 3004; x_wconf 87' lang='lat' dir='ltr'>conti-</span> 
     </span>
     <span class='ocr_line' id='line_1_22' title="bbox 658 3055 2550 3147; baseline 0.002 -19"><span class='ocrx_word' id='word_1_163' title='bbox 658 3057 987 3128; x_wconf 86' lang='lat' dir='ltr'>nebantur.</span> <span class='ocrx_word' id='word_1_164' title='bbox 1060 3055 1253 3146; x_wconf 89' lang='lat' dir='ltr'>Quod</span> <span class='ocrx_word' id='word_1_165' title='bbox 1286 3073 1468 3132; x_wconf 74' lang='lat' dir='ltr'>secus</span> <span class='ocrx_word' id='word_1_166' title='bbox 1506 3057 1672 3142; x_wconf 86' lang='lat' dir='ltr'>apud</span> <span class='ocrx_word' id='word_1_167' title='bbox 1709 3059 1954 3144; x_wconf 79' lang='lat' dir='ltr'>Angloa</span> <span class='ocrx_word' id='word_1_168' title='bbox 1991 3077 2062 3125; x_wconf 87' lang='lat' dir='ltr'>ac</span> <span class='ocrx_word' id='word_1_169' title='bbox 2097 3059 2347 3144; x_wconf 85' lang='lat' dir='ltr'>Danos,</span> <span class='ocrx_word' id='word_1_170' title='bbox 2387 3065 2550 3147; x_wconf 90' lang='lat' dir='ltr'>apud</span> 
     </span>
     <span class='ocr_line' id='line_1_23' title="bbox 2415 3209 2577 3274; baseline 0.019 -19"><span class='ocrx_word' id='word_1_171' title='bbox 2415 3209 2577 3274; x_wconf 85' lang='lat' dir='ltr'>quos</span> 
     </span>
    </p>
   </div>
   <div class='ocr_carea' id='block_1_3' title="bbox 666 3332 2566 3816">
    <p class='ocr_par' dir='ltr' id='par_1_3' title="bbox 666 3332 2566 3816">
     <span class='ocr_line' id='line_1_24' title="bbox 764 3332 2560 3401; baseline 0.002 -16"><span class='ocrx_word' id='word_1_172' title='bbox 764 3333 919 3401; x_wconf 68' lang='lat'>(35)</span> <span class='ocrx_word' id='word_1_173' title='bbox 979 3334 1139 3400; x_wconf 69' lang='lat' dir='ltr'>Lege</span> <span class='ocrx_word' id='word_1_174' title='bbox 1192 3332 1323 3386; x_wconf 81' lang='lat' dir='ltr'>enlm</span> <span class='ocrx_word' id='word_1_175' title='bbox 1370 3332 1554 3391; x_wconf 84' lang='lat' dir='ltr'>dicitur</span> <span class='ocrx_word' id='word_1_176' title='bbox 1601 3344 1742 3387; x_wconf 80' lang='lat' dir='ltr'>actus</span> <span class='ocrx_word' id='word_1_177' title='bbox 1789 3332 2198 3398; x_wconf 71' lang='lat' dir='ltr'>compositionis,</span> <span class='ocrx_word' id='word_1_178' title='bbox 2243 3348 2349 3400; x_wconf 86' lang='lat' dir='ltr'>quo</span> <span class='ocrx_word' id='word_1_179' title='bbox 2395 3345 2560 3398; x_wconf 77' lang='lat' dir='ltr'>partes</span> 
     </span>
     <span class='ocr_line' id='line_1_25' title="bbox 666 3417 2558 3490; baseline -0.001 -21"><span class='ocrx_word' id='word_1_180' title='bbox 666 3417 921 3490; x_wconf 69' lang='lat' dir='ltr'>litigantes</span> <span class='ocrx_word' id='word_1_181' title='bbox 972 3419 1035 3468; x_wconf 89' lang='lat' dir='ltr'>de</span> <span class='ocrx_word' id='word_1_182' title='bbox 1080 3418 1221 3482; x_wconf 70' lang='lat' dir='ltr'>pacis</span> <span class='ocrx_word' id='word_1_183' title='bbox 1262 3419 1549 3470; x_wconf 85' lang='lat' dir='ltr'>conditione</span> <span class='ocrx_word' id='word_1_184' title='bbox 1598 3420 1941 3483; x_wconf 84' lang='lat' dir='ltr'>conveniunt,</span> <span class='ocrx_word' id='word_1_185' title='bbox 1973 3421 2047 3471; x_wconf 74' lang='lat' dir='ltr'>sic</span> <span class='ocrx_word' id='word_1_186' title='bbox 2077 3420 2128 3469; x_wconf 87' lang='lat' dir='ltr'>in</span> <span class='ocrx_word' id='word_1_187' title='bbox 2157 3419 2269 3484; x_wconf 81' lang='lat' dir='ltr'>lege</span> <span class='ocrx_word' id='word_1_188' title='bbox 2308 3421 2558 3470; x_wconf 85' lang='lat' dir='ltr'>Norman-</span> 
     </span>
     <span class='ocr_line' id='line_1_26' title="bbox 671 3501 2563 3568; baseline 0.002 -18"><span class='ocrx_word' id='word_1_189' title='bbox 671 3503 819 3568; x_wconf 70' lang='lat' dir='ltr'>pica,</span> <span class='ocrx_word' id='word_1_190' title='bbox 880 3501 1073 3565; x_wconf 80' lang='lat' dir='ltr'>Legem</span> <span class='ocrx_word' id='word_1_191' title='bbox 1136 3503 1335 3554; x_wconf 77' lang='lat' dir='ltr'>vadiare</span> <span class='ocrx_word' id='word_1_192' title='bbox 1381 3515 1459 3554; x_wconf 76' lang='lat' dir='ltr'>cat</span> <span class='ocrx_word' id='word_1_193' title='bbox 1513 3501 1720 3568; x_wconf 77' lang='lat' dir='ltr'>pignore</span> <span class='ocrx_word' id='word_1_194' title='bbox 1764 3505 1920 3567; x_wconf 69' lang='lat' dir='ltr'>dato,</span> <span class='ocrx_word' id='word_1_195' title='bbox 1969 3513 2170 3567; x_wconf 79' lang='lat' dir='ltr'>pactum</span> <span class='ocrx_word' id='word_1_196' title='bbox 2221 3503 2284 3553; x_wconf 91' lang='lat' dir='ltr'>de</span> <span class='ocrx_word' id='word_1_197' title='bbox 2316 3504 2563 3556; x_wconf 70' lang='lat' dir='ltr'>servanda</span> 
     </span>
     <span class='ocr_line' id='line_1_27' title="bbox 666 3583 2566 3652; baseline 0.002 -18"><span class='ocrx_word' id='word_1_198' title='bbox 666 3597 791 3650; x_wconf 72' lang='lat' dir='ltr'>pace</span> <span class='ocrx_word' id='word_1_199' title='bbox 820 3583 965 3636; x_wconf 88' lang='lat' dir='ltr'>inire.</span> <span class='ocrx_word' id='word_1_200' title='bbox 1030 3587 1159 3637; x_wconf 78' lang='lat' dir='ltr'>Nam</span> <span class='ocrx_word' id='word_1_201' title='bbox 1204 3589 1335 3649; x_wconf 72' lang='lat' dir='ltr'>lex,</span> <span class='ocrx_word' id='word_1_202' title='bbox 1364 3587 1441 3638; x_wconf 87' lang='lat' dir='ltr'>uti</span> <span class='ocrx_word' id='word_1_203' title='bbox 1484 3587 1634 3638; x_wconf 86' lang='lat' dir='ltr'>hodie</span> <span class='ocrx_word' id='word_1_204' title='bbox 1681 3587 1961 3652; x_wconf 79' lang='lat' dir='ltr'>accipitur,</span> <span class='ocrx_word' id='word_1_205' title='bbox 1993 3587 2047 3638; x_wconf 91' lang='lat' dir='ltr'>id</span> <span class='ocrx_word' id='word_1_206' title='bbox 2089 3599 2167 3638; x_wconf 83' lang='lat' dir='ltr'>est</span> <span class='ocrx_word' id='word_1_207' title='bbox 2207 3585 2442 3639; x_wconf 85' lang='lat' dir='ltr'>collectio</span> <span class='ocrx_word' id='word_1_208' title='bbox 2482 3600 2566 3638; x_wconf 86' lang='lat' dir='ltr'>re·</span> 
     </span>
     <span class='ocr_line' id='line_1_28' title="bbox 671 3665 2562 3738; baseline 0.006 -24"><span class='ocrx_word' id='word_1_209' title='bbox 671 3665 934 3729; x_wconf 73' lang='lat' dir='ltr'>galatum,</span> <span class='ocrx_word' id='word_1_210' title='bbox 966 3667 1148 3730; x_wconf 79' lang='lat' dir='ltr'>quibus</span> <span class='ocrx_word' id='word_1_211' title='bbox 1177 3669 1433 3722; x_wconf 84' lang='lat' dir='ltr'>hominum</span> <span class='ocrx_word' id='word_1_212' title='bbox 1460 3671 1718 3738; x_wconf 77' lang='lat' dir='ltr'>actiones,</span> <span class='ocrx_word' id='word_1_213' title='bbox 1751 3671 1805 3723; x_wconf 87' lang='lat' dir='ltr'>in</span> <span class='ocrx_word' id='word_1_214' title='bbox 1835 3671 2040 3724; x_wconf 85' lang='lat' dir='ltr'>civitate</span> <span class='ocrx_word' id='word_1_215' title='bbox 2083 3681 2354 3736; x_wconf 70' lang='lat' dir='ltr'>reguntur,</span> <span class='ocrx_word' id='word_1_216' title='bbox 2401 3673 2562 3724; x_wconf 82' lang='lat' dir='ltr'>Saxo·</span> 
     </span>
     <span class='ocr_line' id='line_1_29' title="bbox 670 3745 1295 3816; baseline 0.014 -21"><span class='ocrx_word' id='word_1_217' title='bbox 670 3745 823 3816; x_wconf 74' lang='lat' dir='ltr'>nibus</span> <span class='ocrx_word' id='word_1_218' title='bbox 866 3761 974 3798; x_wconf 75' lang='lat' dir='ltr'>ewa</span> <span class='ocrx_word' id='word_1_219' title='bbox 1014 3749 1295 3806; x_wconf 69' lang='lat' dir='ltr'>dicebatur.</span> 
     </span>
    </p>
   </div>
   <div class='ocr_carea' id='block_1_4' title="bbox 733 3831 2302 3918">
    <p class='ocr_par' dir='ltr' id='par_1_4' title="bbox 733 3831 2302 3918">
     <span class='ocr_line' id='line_1_30' title="bbox 733 3831 2302 3918; baseline 0.008 -37"><span class='ocrx_word' id='word_1_220' title='bbox 733 3831 816 3906; x_wconf 70' lang='lat' dir='ltr'>De</span> <span class='ocrx_word' id='word_1_221' title='bbox 856 3845 979 3918; x_wconf 81' lang='lat' dir='ltr'>pace</span> <span class='ocrx_word' id='word_1_222' title='bbox 1022 3833 1179 3902; x_wconf 71' lang='lat' dir='ltr'>Regis</span> <span class='ocrx_word' id='word_1_223' title='bbox 1222 3835 1349 3893; x_wconf 81' lang='lat' dir='ltr'>vid.</span> <span class='ocrx_word' id='word_1_224' title='bbox 1393 3837 1512 3894; x_wconf 78' lang='lat' dir='ltr'><strong><em>LI..</em></strong></span> <span class='ocrx_word' id='word_1_225' title='bbox 1569 3839 1814 3914; x_wconf 63' lang='lat' dir='ltr'>Eduqrd.</span> <span class='ocrx_word' id='word_1_226' title='bbox 1861 3837 1951 3895; x_wconf 79' lang='lat' dir='ltr'>Cf·</span> <span class='ocrx_word' id='word_1_227' title='bbox 1998 3841 2131 3906; x_wconf 77' lang='lat' dir='ltr'>Cap.</span> <span class='ocrx_word' id='word_1_228' title='bbox 2176 3834 2302 3906; x_wconf 68' lang='lat' dir='ltr'>xil.</span> 
     </span>
    </p>
   </div>
  </div>
 </body>
</html>
