3000 4917
540 374 549 381 .
637 316 723 381 60
1478 318 1724 379 Ξ

646 517 787 590 est,
830 502 941 589 qui
984 501 1049 569 in
1092 502 1198 569 lite
1248 518 1389 569 cum
1420 496 1572 567 -alio
1625 478 2097 588 estsetera'nt
2138 498 2206 569 in
2251 501 2556 589 ‘omnide-

644 634 792 702 licto
828 630 1139 716 incognito
1180 626 1429 713 publico
1476 626 1878 712 accusatore)
1929 628 2412 702 condemnationi
2444 650 2553 717 pa-

642 781 772 829 rere
816 760 1006 827 nollet
1020 804 1046 842 ,
1098 756 1209 824 sed
1242 755 1675 823 condemmtus
1719 768 1984 824 maneret
2013 755 2156 840 quia
2206 759 2547 829 adversario

574 928 579 936 ·
640 906 851 973 pacem
903 887 1299 971 denegaverat
1312 928 1339 966 ,
1390 882 1459 949 in
1511 880 1785 951 omnium
1837 883 1983 955 odio
2035 898 2098 953 et
2131 886 2550 971 persecutione

636 1018 759 1103 jam
804 1012 1101 1081 incidebat
1117 1057 1144 1095 ,
1186 1009 1473 1080 omnibus
1529 1010 1711 1079 fiebat
1749 1009 2023 1081 faidosus
2040 1058 2067 1096 ,
2107 1014 2302 1082 donec
2333 1036 2370 1083 a
2398 1034 2550 1083 con·-

636 1142 902 1211 tumacia
932 1140 1246 1236 desisteret
1264 1186 1289 1223 ,
1324 1158 1395 1207 ac
1422 1140 1706 1207 mulctam
1734 1139 1832 1207 vel
1861 1140 2158 1225 solveret,
2189 1142 2288 1211 vel
2319 1142 2554 1229 accipe-

634 1284 759 1339 ret.
840 1270 1061 1338 Errare
1100 1267 1285 1356 igitur
1322 1266 1645 1351 videntur,
1698 1266 1806 1351 qui
1853 1287 2086 1353 poenae
2115 1270 2257 1339 loco
2303 1268 2552 1339 forban·-

637 1416 788 1465 num
826 1396 1022 1466 fuisse
1074 1410 1390 1481 statuunt,
1432 1415 1574 1465 cum
1630 1395 1696 1463 in
1745 1396 1854 1464 illo
1907 1414 2138 1465 tantum
2191 1418 2337 1467 casu
2389 1397 2554 1483 vige·

638 1540 731 1592 ret
746 1569 773 1609 ‚
825 1522 897 1592 ‘si
950 1540 1093 1593 reus
1142 1538 1470 1593 contumax
1529 1536 1692 1591 esset
1706 1570 1732 1609 ,
1781 1524 1881 1593 vel
1931 1540 2103 1596 actor
2154 1524 2380 1613 judicio
2424 1543 2555 1593 non

642 1666 805 1721 esset
870 1668 1218 1720 contentus.
1314 1650 1610 1721 cessabat
1671 1651 1854 1737 igitur
1915 1652 2095 1721 simul
2147 1672 2218 1720 ac
2265 1654 2374 1750 ad⁸
2407 1651 2554 1722 obe·

644 1780 925 1848 dientiam
994 1778 1236 1847 'rediret-
1349 1777 1546 1847 Simili
1619 1780 1807 1847 modo
1865 1779 1932 1845 in
1993 1778 2274 1849 civilibus
2341 1780 2544 1849 musis

649 1908 853 1977 banno
909 1906 1287 1974 condemnati
1350 1921 1541 1973 terrae
1591 1906 1690 1975 vel
1741 1907 1982 1975 mobiha
2031 1908 2311 1993 occupari
2369 1924 2550 1993 pote·
2635 1992 2639 2001 .

648 2050 819 2117 rant,
880 2052 958 2101 ne
1006 2033 1385 2101 contumacia
1440 2034 1824 2105 adversarius·
1869 2036 2152 2105 damnum
2218 2052 2545 2121 pateretur.
2629 2122 2635 2129 ‚

644 2162 735 2229 At
799 2160 1083 2229 observat
1116 2161 1259 2245 quis
1293 2160 1452 2229 forte
1472 2208 1497 2245 ,
1547 2181 1660 2231 cur
1705 2180 1837 2231 non
1870 2163 1934 2229 in
1969 2162 2374 2233 criminalibus
2398 2210 2424 2248 ,
2491 2166 2547 2233 si

648 2290 731 2357 ita
790 2290 1083 2376 judicium
1143 2292 1219 2358 de
1280 2289 1606 2359 homicidio
1655 2307 1761 2363 aut
1803 2291 2017 2377 iniuria
2071 2312 2141 2359 ea
2188 2306 2378 2359 aetate
2429 2290 2550 2359 dici

642 2418 911 2502 potuerit
928 2464 955 2501 ,
984 2417 1239 2502 simplici
1276 2418 1479 2487 banno
1517 2420 1696 2487 finem
1734 2418 1820 2486 rei
1849 2418 2224 2502 imponerent
2243 2464 2270 2501 ‚
2303 2438 2444 2487 cum
2481 2404 2546 2487 in

644 2559 907 2627 utroque
971 2564 1119 2613 casu
1186 2545 1262 2611 de
1332 2545 1621 2629 pecuniae
1673 2564 1912 2615 summa
1962 2546 2063 2613 vel
2121 2545 2306 2631 hujus
2347 2547 2554 2613 valore

640 2684 942 2755 ageretur.
1023 2674 1113 2737 At
1158 2672 1482 2771 tenendum
1535 2685 1628 2739 est
1647 2718 1672 2755 ,
1727 2670 1794 2737 in
1839 2670 1944 2739 lite
1989 2672 2065 2739 de
2097 2646 2422 2741 hereditate
2449 2674 2550 2742 vel

646 2812 803 2866 terra
837 2798 935 2866 vel
966 2818 1033 2865 re
1066 2796 1317 2881 mobili,
1358 2800 1474 2866 lata
1509 2798 1696 2867 semel
1729 2799 1806 2883 de
1831 2802 1968 2885 jure
1986 2799 2319 2882 sententia,
2355 2799 2552 2868 victo-

644 2945 774 2993 rem
808 2924 872 2993 in
890 2926 1336 3011 possessionem
1368 2925 1528 2993 mitti
1555 2924 1877 3011 potuisse3
1915 2925 2218 3007 verumsi
2250 2927 2326 2993 de
2355 2926 2552 2994 homi-

640 3054 804 3122 ·cidio
869 3069 975 3123 aut
1036 3070 1218 3139 raptu
1260 3069 1367 3123 aut
1398 3052 1569 3123 fiarto
1613 3054 1887 3138 quaestio
1933 3068 2092 3123 esset
2107 3100 2132 3136 ,
2183 3055 2350 3137 quod
2377 3054 2548 3139 vulgi

645 3182 933 3267 opInione
976 3182 1267 3269 sanguine
1308 3197 1373 3251 et
1424 3182 1604 3251 armis
1669 3181 1878 3251 ulcisci
1921 3181 2176 3249 debebat
2193 3227 2216 3261 ‚
2265 3182 2545 3265 pecunia-

642 3310 763 3377 riae
796 3308 1271 3396 compensationi
1316 3311 1596 3379 accedere
1625 3309 1906 3379 debuisse
1957 3310 2293 3377 solemnem
2337 3308 2542 3375 conci-¹

639 3437 945 3503 liationem
964 3482 991 3520 ,
1048 3458 1171 3522 qua
1223 3452 1483 3522 utraque
1543 3458 1686 3523 pars
1741 3436 2074 3505 inimicitias
2140 3435 2542 3523 deposituram

643 3564 1060 3649 pollicebatur.
1112 3566 1247 3651 Jam
1281 3566 1466 3651 igitur
1492 3566 1692 3633 statim
1726 3564 2057 3633 differentia
2087 3564 2243 3631 inter
2277 3564 2545 3631 bannum

642 3690 899 3774 simplex
962 3711 1074 3760 seu
1122 3692 1294 3759 civile
1352 3706 1415 3760 et
1478 3692 1844 3767 forbannum
1909 3706 2153 3777 apparet
2168 3740 2192 3775 ,
2243 3688 2306 3759 et
2355 3707 2545 3778 ‚quare

642 3818 934 3888 diversam
998 3816 1065 3883 in
1119 3817 1219 3897 hit.
1288 3819 1591 3889 tenuerint
1655 3818 1812 3889 viam
1883 3818 2202 3889 Germani.
2299 3817 2548 3906 Quippe

2427 3942 2547 4009 hoc
