<?xml version="1.0" encoding="UTF-8"?>
<!DOCTYPE html PUBLIC "-//W3C//DTD XHTML 1.0 Transitional//EN"
    "http://www.w3.org/TR/xhtml1/DTD/xhtml1-transitional.dtd">
<html xmlns="http://www.w3.org/1999/xhtml" xml:lang="en" lang="en">
 <head>
  <title>
</title>
<meta http-equiv="Content-Type" content="text/html;charset=utf-8" />
  <meta name='ocr-system' content='tesseract 3.04.00' />
  <meta name='ocr-capabilities' content='ocr_page ocr_carea ocr_par ocr_line ocrx_word'/>
</head>
<body>
  <div class='ocr_page' id='page_1' title='image "./demortecivili00unkngoog_0190.png"; bbox 0 0 3000 4917; ppageno 0'>
   <div class='ocr_carea' id='block_1_1' title="bbox 1454 367 1694 387">
    <p class='ocr_par' dir='ltr' id='par_1_1' title="bbox 1454 367 1694 387">
     <span class='ocr_line' id='line_1_1' title="bbox 1454 367 1694 387; baseline -0.008 0"><span class='ocrx_word' id='word_1_1' title='bbox 1454 367 1694 387; x_wconf 76' lang='lat'>—-</span> 
     </span>
    </p>
   </div>
   <div class='ocr_carea' id='block_1_2' title="bbox 624 328 1697 406">
    <p class='ocr_par' dir='ltr' id='par_1_2' title="bbox 624 328 1697 406">
     <span class='ocr_line' id='line_1_2' title="bbox 624 328 1697 406; baseline -0.005 0"><span class='ocrx_word' id='word_1_2' title='bbox 624 331 743 406; x_wconf 76' lang='lat'>¹⁷4</span> <span class='ocrx_word' id='word_1_3' title='bbox 1451 328 1697 360; x_wconf 87' lang='grc'><em>““““““</em></span> 
     </span>
    </p>
   </div>
   <div class='ocr_carea' id='block_1_3' title="bbox 626 495 2558 3528">
    <p class='ocr_par' dir='ltr' id='par_1_3' title="bbox 626 495 2558 3416">
     <span class='ocr_line' id='line_1_3' title="bbox 628 495 2528 600; baseline -0.002 -21"><span class='ocrx_word' id='word_1_4' title='bbox 628 561 673 600; x_wconf 83' lang='lat'>„</span> <span class='ocrx_word' id='word_1_5' title='bbox 714 527 959 598; x_wconf 78' lang='lat' dir='ltr'>tempus</span> <span class='ocrx_word' id='word_1_6' title='bbox 1022 525 1131 578; x_wconf 86' lang='lat' dir='ltr'>ant</span> <span class='ocrx_word' id='word_1_7' title='bbox 1178 509 1243 578; x_wconf 87' lang='lat' dir='ltr'>in</span> <span class='ocrx_word' id='word_1_8' title='bbox 1314 495 1574 578; x_wconf 82' lang='lat' dir='ltr'>insulam</span> <span class='ocrx_word' id='word_1_9' title='bbox 1621 507 1962 594; x_wconf 76' lang='lat' dir='ltr'>relegatur,</span> <span class='ocrx_word' id='word_1_10' title='bbox 2022 517 2134 575; x_wconf 86' lang='lat' dir='ltr'>ant</span> <span class='ocrx_word' id='word_1_11' title='bbox 2191 509 2260 576; x_wconf 89' lang='lat' dir='ltr'>in</span> <span class='ocrx_word' id='word_1_12' title='bbox 2315 510 2528 576; x_wconf 76' lang='lat' dir='ltr'>meta}-</span> 
     </span>
     <span class='ocr_line' id='line_1_4' title="bbox 628 607 2526 728; baseline -0.002 -19"><span class='ocrx_word' id='word_1_13' title='bbox 628 689 673 728; x_wconf 84' lang='lat'>„</span> <span class='ocrx_word' id='word_1_14' title='bbox 712 643 839 710; x_wconf 89' lang='lat' dir='ltr'>lnm</span> <span class='ocrx_word' id='word_1_15' title='bbox 892 640 1251 724; x_wconf 78' lang='lat' dir='ltr'>deportatur</span> <span class='ocrx_word' id='word_1_16' title='bbox 1264 685 1287 720; x_wconf 89' lang='lat'><strong>,</strong></span> <span class='ocrx_word' id='word_1_17' title='bbox 1338 637 1482 722; x_wconf 86' lang='lat' dir='ltr'>quia</span> <span class='ocrx_word' id='word_1_18' title='bbox 1513 607 1864 722; x_wconf 83' lang='lat' dir='ltr'>perpetuam</span> <span class='ocrx_word' id='word_1_19' title='bbox 1905 635 2357 704; x_wconf 68' lang='lat' dir='ltr'>damnationem</span> <span class='ocrx_word' id='word_1_20' title='bbox 2395 653 2526 706; x_wconf 87' lang='lat' dir='ltr'>non</span> 
     </span>
     <span class='ocr_line' id='line_1_5' title="bbox 626 747 2536 856; baseline -0.003 -19"><span class='ocrx_word' id='word_1_21' title='bbox 626 817 673 856; x_wconf 83' lang='lat'>‚,</span> <span class='ocrx_word' id='word_1_22' title='bbox 708 769 889 837; x_wconf 84' lang='lat' dir='ltr'>babet</span> <span class='ocrx_word' id='word_1_23' title='bbox 906 815 931 846; x_wconf 88' lang='lat'><strong>,</strong></span> <span class='ocrx_word' id='word_1_24' title='bbox 972 782 1037 834; x_wconf 92' lang='lat' dir='ltr'>et</span> <span class='ocrx_word' id='word_1_25' title='bbox 1100 779 1528 836; x_wconf 79' lang='lat' dir='ltr'>testamentum</span> <span class='ocrx_word' id='word_1_26' title='bbox 1579 747 1780 832; x_wconf 80' lang='lat' dir='ltr'>facere</span> <span class='ocrx_word' id='word_1_27' title='bbox 1841 775 2052 850; x_wconf 82' lang='lat' dir='ltr'>potest</span> <span class='ocrx_word' id='word_1_28' title='bbox 2070 811 2096 846; x_wconf 92' lang='lat'><strong>,</strong></span> <span class='ocrx_word' id='word_1_29' title='bbox 2125 775 2191 829; x_wconf 95' lang='lat' dir='ltr'>et</span> <span class='ocrx_word' id='word_1_30' title='bbox 2208 807 2236 846; x_wconf 89' lang='lat'><strong>,</strong></span> <span class='ocrx_word' id='word_1_31' title='bbox 2279 764 2338 832; x_wconf 92' lang='lat' dir='ltr'>si</span> <span class='ocrx_word' id='word_1_32' title='bbox 2387 765 2536 847; x_wconf 83' lang='lat' dir='ltr'>qnid</span> 
     </span>
     <span class='ocr_line' id='line_1_6' title="bbox 628 889 2528 981; baseline -0.003 -16"><span class='ocrx_word' id='word_1_33' title='bbox 628 943 673 981; x_wconf 83' lang='lat'>‚,</span> <span class='ocrx_word' id='word_1_34' title='bbox 712 895 771 965; x_wconf 92' lang='lat' dir='ltr'>ei</span> <span class='ocrx_word' id='word_1_35' title='bbox 800 915 877 964; x_wconf 80' lang='lat' dir='ltr'>ex</span> <span class='ocrx_word' id='word_1_36' title='bbox 910 910 1279 964; x_wconf 85' lang='lat' dir='ltr'>testamento</span> <span class='ocrx_word' id='word_1_37' title='bbox 1313 894 1666 961; x_wconf 87' lang='lat' dir='ltr'>derelictum</span> <span class='ocrx_word' id='word_1_38' title='bbox 1707 889 1892 960; x_wconf 76' lang='lat' dir='ltr'>firerit</span> <span class='ocrx_word' id='word_1_39' title='bbox 1909 938 1935 975; x_wconf 87' lang='lat'><strong>,</strong></span> <span class='ocrx_word' id='word_1_40' title='bbox 1973 891 2300 960; x_wconf 86' lang='lat' dir='ltr'>obtinebit.</span> <span class='ocrx_word' id='word_1_41' title='bbox 2384 891 2528 960; x_wconf 87' lang='lat' dir='ltr'>Hoc</span> 
     </span>
     <span class='ocr_line' id='line_1_7' title="bbox 626 1017 2526 1110; baseline -0.003 -16"><span class='ocrx_word' id='word_1_42' title='bbox 626 1027 773 1096; x_wconf 86' lang='lat' dir='ltr'>loeo</span> <span class='ocrx_word' id='word_1_43' title='bbox 822 1027 1072 1110; x_wconf 88' lang='lat' dir='ltr'>quidem</span> <span class='ocrx_word' id='word_1_44' title='bbox 1122 1021 1407 1093; x_wconf 76' lang='lat' dir='ltr'>observat</span> <span class='ocrx_word' id='word_1_45' title='bbox 1454 1023 1798 1108; x_wconf 76' lang='lat' dir='ltr'>cujacius,</span> <span class='ocrx_word' id='word_1_46' title='bbox 1867 1023 2026 1090; x_wconf 90' lang='lat' dir='ltr'>male</span> <span class='ocrx_word' id='word_1_47' title='bbox 2076 1017 2251 1089; x_wconf 87' lang='lat' dir='ltr'>Pauli</span> <span class='ocrx_word' id='word_1_48' title='bbox 2283 1035 2526 1088; x_wconf 88' lang='lat' dir='ltr'>senten·</span> 
     </span>
     <span class='ocr_line' id='line_1_8' title="bbox 626 1150 2535 1234; baseline -0.003 -12"><span class='ocrx_word' id='word_1_49' title='bbox 626 1153 771 1222; x_wconf 79' lang='lat' dir='ltr'>tiam</span> <span class='ocrx_word' id='word_1_50' title='bbox 816 1153 897 1222; x_wconf 90' lang='lat' dir='ltr'>ab</span> <span class='ocrx_word' id='word_1_51' title='bbox 954 1153 1205 1222; x_wconf 78' lang='lat' dir='ltr'>Aniano</span> <span class='ocrx_word' id='word_1_52' title='bbox 1278 1167 1416 1218; x_wconf 84' lang='lat' dir='ltr'>esse</span> <span class='ocrx_word' id='word_1_53' title='bbox 1474 1150 1844 1218; x_wconf 85' lang='lat' dir='ltr'>intellectam</span> <span class='ocrx_word' id='word_1_54' title='bbox 1865 1195 1892 1230; x_wconf 85' lang='lat'><strong>,</strong></span> <span class='ocrx_word' id='word_1_55' title='bbox 1928 1163 2115 1234; x_wconf 84' lang='lat' dir='ltr'>atque</span> <span class='ocrx_word' id='word_1_56' title='bbox 2165 1150 2535 1234; x_wconf 80' lang='lat' dir='ltr'>ignorantiae</span> 
     </span>
     <span class='ocr_line' id='line_1_9' title="bbox 634 1278 2527 1366; baseline -0.002 -15"><span class='ocrx_word' id='word_1_57' title='bbox 634 1283 791 1352; x_wconf 78' lang='lat' dir='ltr'>banc</span> <span class='ocrx_word' id='word_1_58' title='bbox 842 1279 1305 1366; x_wconf 71' lang='lat' dir='ltr'>discrepantiam</span> <span class='ocrx_word' id='word_1_59' title='bbox 1348 1279 1610 1346; x_wconf 81' lang='lat' dir='ltr'>tribuere</span> <span class='ocrx_word' id='word_1_60' title='bbox 1653 1278 1913 1345; x_wconf 83' lang='lat' dir='ltr'>videtur.</span> <span class='ocrx_word' id='word_1_61' title='bbox 1999 1278 2123 1345; x_wconf 89' lang='lat' dir='ltr'>Sed</span> <span class='ocrx_word' id='word_1_62' title='bbox 2163 1280 2370 1363; x_wconf 87' lang='lat' dir='ltr'>primo</span> <span class='ocrx_word' id='word_1_63' title='bbox 2399 1279 2527 1348; x_wconf 79' lang='lat' dir='ltr'>mi·</span> 
     </span>
     <span class='ocr_line' id='line_1_10' title="bbox 626 1405 2522 1494; baseline -0.002 -16"><span class='ocrx_word' id='word_1_64' title='bbox 626 1408 1121 1478; x_wconf 76' lang='lat' dir='ltr'>madvertendum</span> <span class='ocrx_word' id='word_1_65' title='bbox 1204 1405 1532 1492; x_wconf 62' lang='lat' dir='ltr'>colneium</span> <span class='ocrx_word' id='word_1_66' title='bbox 1601 1423 1734 1474; x_wconf 91' lang='lat' dir='ltr'>non</span> <span class='ocrx_word' id='word_1_67' title='bbox 1796 1408 1870 1473; x_wconf 91' lang='lat' dir='ltr'>ad</span> <span class='ocrx_word' id='word_1_68' title='bbox 1937 1405 2292 1475; x_wconf 85' lang='lat' dir='ltr'>Gothorum</span> <span class='ocrx_word' id='word_1_69' title='bbox 2357 1409 2522 1494; x_wconf 76' lang='lat' dir='ltr'>leges</span> 
     </span>
     <span class='ocr_line' id='line_1_11' title="bbox 628 1532 2528 1622; baseline 0 -16"><span class='ocrx_word' id='word_1_70' title='bbox 628 1539 745 1606; x_wconf 90' lang='lat' dir='ltr'>aed</span> <span class='ocrx_word' id='word_1_71' title='bbox 812 1537 893 1604; x_wconf 93' lang='lat' dir='ltr'>ad</span> <span class='ocrx_word' id='word_1_72' title='bbox 936 1535 1043 1622; x_wconf 74' lang='lat' dir='ltr'>Jus</span> <span class='ocrx_word' id='word_1_73' title='bbox 1094 1532 1449 1603; x_wconf 88' lang='lat' dir='ltr'>Romanum</span> <span class='ocrx_word' id='word_1_74' title='bbox 1511 1533 1891 1619; x_wconf 80' lang='lat' dir='ltr'>respexisse,</span> <span class='ocrx_word' id='word_1_75' title='bbox 1967 1551 2170 1620; x_wconf 85' lang='lat' dir='ltr'>neque</span> <span class='ocrx_word' id='word_1_76' title='bbox 2225 1555 2306 1605; x_wconf 86' lang='lat' dir='ltr'>eo</span> <span class='ocrx_word' id='word_1_77' title='bbox 2358 1535 2528 1606; x_wconf 83' lang='lat' dir='ltr'>Pauli</span> 
     </span>
     <span class='ocr_line' id='line_1_12' title="bbox 634 1663 2521 1748; baseline -0.001 -12"><span class='ocrx_word' id='word_1_78' title='bbox 634 1665 969 1736; x_wconf 79' lang='lat' dir='ltr'>sententias</span> <span class='ocrx_word' id='word_1_79' title='bbox 1040 1663 1397 1732; x_wconf 74' lang='lat' dir='ltr'>adhibuisse</span> <span class='ocrx_word' id='word_1_80' title='bbox 1412 1709 1439 1746; x_wconf 89' lang='lat'><strong>,</strong></span> <span class='ocrx_word' id='word_1_81' title='bbox 1500 1678 1574 1730; x_wconf 87' lang='lat' dir='ltr'>ut</span> <span class='ocrx_word' id='word_1_82' title='bbox 1619 1663 1852 1732; x_wconf 84' lang='lat' dir='ltr'>videret</span> <span class='ocrx_word' id='word_1_83' title='bbox 1899 1663 2051 1748; x_wconf 84' lang='lat' dir='ltr'>quid</span> <span class='ocrx_word' id='word_1_84' title='bbox 2101 1663 2406 1734; x_wconf 82' lang='lat' dir='ltr'>Romanis</span> <span class='ocrx_word' id='word_1_85' title='bbox 2457 1665 2521 1734; x_wconf 88' lang='lat' dir='ltr'>in</span> 
     </span>
     <span class='ocr_line' id='line_1_13' title="bbox 632 1791 2531 1881; baseline -0.001 -17"><span class='ocrx_word' id='word_1_86' title='bbox 632 1795 965 1881; x_wconf 76' lang='lat' dir='ltr'>Aquitania</span> <span class='ocrx_word' id='word_1_87' title='bbox 1014 1794 1237 1878; x_wconf 86' lang='lat' dir='ltr'>quinto</span> <span class='ocrx_word' id='word_1_88' title='bbox 1300 1791 1548 1862; x_wconf 87' lang='lat' dir='ltr'>saeculo</span> <span class='ocrx_word' id='word_1_89' title='bbox 1601 1791 1962 1878; x_wconf 81' lang='lat' dir='ltr'>degentibus</span> <span class='ocrx_word' id='word_1_90' title='bbox 2017 1807 2184 1860; x_wconf 87' lang='lat' dir='ltr'>esset</span> <span class='ocrx_word' id='word_1_91' title='bbox 2230 1794 2531 1862; x_wconf 79' lang='lat' dir='ltr'>constitu·</span> 
     </span>
     <span class='ocr_line' id='line_1_14' title="bbox 638 1919 2528 2006; baseline 0 -16"><span class='ocrx_word' id='word_1_92' title='bbox 638 1935 818 2006; x_wconf 86' lang='lat' dir='ltr'>tum,</span> <span class='ocrx_word' id='word_1_93' title='bbox 864 1923 973 1990; x_wconf 85' lang='lat' dir='ltr'>aed</span> <span class='ocrx_word' id='word_1_94' title='bbox 1024 1936 1097 1988; x_wconf 86' lang='lat' dir='ltr'>ut</span> <span class='ocrx_word' id='word_1_95' title='bbox 1150 1941 1221 1988; x_wconf 88' lang='lat' dir='ltr'>ea</span> <span class='ocrx_word' id='word_1_96' title='bbox 1270 1939 1427 2003; x_wconf 74' lang='lat' dir='ltr'>quae</span> <span class='ocrx_word' id='word_1_97' title='bbox 1476 1919 1542 1988; x_wconf 92' lang='lat' dir='ltr'>in</span> <span class='ocrx_word' id='word_1_98' title='bbox 1590 1921 1913 1988; x_wconf 83' lang='lat' dir='ltr'>Pandectis</span> <span class='ocrx_word' id='word_1_99' title='bbox 1959 1935 2202 2006; x_wconf 87' lang='lat' dir='ltr'>recepta</span> <span class='ocrx_word' id='word_1_100' title='bbox 2245 1919 2528 2004; x_wconf 81' lang='lat' dir='ltr'>fuerant,</span> 
     </span>
     <span class='ocr_line' id='line_1_15' title="bbox 640 2047 2538 2136; baseline 0.001 -18"><span class='ocrx_word' id='word_1_101' title='bbox 640 2051 994 2118; x_wconf 82' lang='lat' dir='ltr'>illustraret.</span> <span class='ocrx_word' id='word_1_102' title='bbox 1076 2047 1247 2116; x_wconf 81' lang='lat' dir='ltr'>Male</span> <span class='ocrx_word' id='word_1_103' title='bbox 1278 2049 1459 2133; x_wconf 83' lang='lat' dir='ltr'>igitur</span> <span class='ocrx_word' id='word_1_104' title='bbox 1496 2049 1602 2136; x_wconf 81' lang='lat' dir='ltr'>jus</span> <span class='ocrx_word' id='word_1_105' title='bbox 1635 2047 1983 2117; x_wconf 71' lang='lat' dir='ltr'>Romanum</span> <span class='ocrx_word' id='word_1_106' title='bbox 2002 2095 2029 2132; x_wconf 88' lang='lat'><strong>,</strong></span> <span class='ocrx_word' id='word_1_107' title='bbox 2079 2050 2172 2115; x_wconf 87' lang='lat' dir='ltr'>nti</span> <span class='ocrx_word' id='word_1_108' title='bbox 2208 2049 2329 2116; x_wconf 84' lang='lat' dir='ltr'>sub</span> <span class='ocrx_word' id='word_1_109' title='bbox 2379 2051 2538 2120; x_wconf 80' lang='lat' dir='ltr'>eae·</span> 
     </span>
     <span class='ocr_line' id='line_1_16' title="bbox 638 2175 2532 2262; baseline 0 -18"><span class='ocrx_word' id='word_1_110' title='bbox 638 2175 881 2244; x_wconf 72' lang='lat' dir='ltr'>naribus</span> <span class='ocrx_word' id='word_1_111' title='bbox 944 2179 1011 2244; x_wconf 87' lang='lat' dir='ltr'>in</span> <span class='ocrx_word' id='word_1_112' title='bbox 1062 2175 1233 2244; x_wconf 83' lang='lat' dir='ltr'>ltalia</span> <span class='ocrx_word' id='word_1_113' title='bbox 1288 2177 1485 2262; x_wconf 78' lang='lat' dir='ltr'>viguit</span> <span class='ocrx_word' id='word_1_114' title='bbox 1505 2224 1530 2260; x_wconf 89' lang='lat'>,</span> <span class='ocrx_word' id='word_1_115' title='bbox 1585 2176 1662 2243; x_wconf 82' lang='lat' dir='ltr'>ab</span> <span class='ocrx_word' id='word_1_116' title='bbox 1735 2177 1983 2246; x_wconf 83' lang='lat' dir='ltr'>Aniano</span> <span class='ocrx_word' id='word_1_117' title='bbox 2030 2177 2114 2244; x_wconf 82' lang='lat' dir='ltr'>sit</span> <span class='ocrx_word' id='word_1_118' title='bbox 2173 2191 2532 2262; x_wconf 81' lang='lat' dir='ltr'>acceptum:</span> 
     </span>
     <span class='ocr_line' id='line_1_17' title="bbox 641 2281 2540 2390; baseline 0 -17"><span class='ocrx_word' id='word_1_119' title='bbox 641 2321 707 2373; x_wconf 83' lang='lat' dir='ltr'>at</span> <span class='ocrx_word' id='word_1_120' title='bbox 736 2305 1196 2390; x_wconf 77' lang='lat' dir='ltr'>&#39;imprudentius</span> <span class='ocrx_word' id='word_1_121' title='bbox 1232 2323 1403 2389; x_wconf 79' lang='lat' dir='ltr'>agere</span> <span class='ocrx_word' id='word_1_122' title='bbox 1442 2305 1593 2374; x_wconf 87' lang='lat' dir='ltr'>mihi</span> <span class='ocrx_word' id='word_1_123' title='bbox 1645 2305 1856 2374; x_wconf 77' lang='lat' dir='ltr'>videor</span> <span class='ocrx_word' id='word_1_124' title='bbox 1879 2351 1907 2388; x_wconf 87' lang='lat'>‚</span> <span class='ocrx_word' id='word_1_125' title='bbox 1944 2305 2004 2374; x_wconf 92' lang='lat' dir='ltr'>si</span> <span class='ocrx_word' id='word_1_126' title='bbox 2050 2281 2370 2390; x_wconf 66' lang='lat' dir='ltr'>pmiwterea</span> <span class='ocrx_word' id='word_1_127' title='bbox 2413 2325 2540 2373; x_wconf 89' lang='lat' dir='ltr'>non</span> 
     </span>
     <span class='ocr_line' id='line_1_18' title="bbox 646 2431 2538 2519; baseline 0 -19"><span class='ocrx_word' id='word_1_128' title='bbox 646 2433 749 2502; x_wconf 84' lang='lat' dir='ltr'>sni</span> <span class='ocrx_word' id='word_1_129' title='bbox 801 2433 1096 2516; x_wconf 82' lang='lat' dir='ltr'>temporis</span> <span class='ocrx_word' id='word_1_130' title='bbox 1145 2436 1313 2518; x_wconf 78' lang='lat' dir='ltr'>leges</span> <span class='ocrx_word' id='word_1_131' title='bbox 1362 2453 1435 2500; x_wconf 80' lang='lat' dir='ltr'>ac</span> <span class='ocrx_word' id='word_1_132' title='bbox 1482 2433 1957 2502; x_wconf 87' lang='lat' dir='ltr'>eonsuetudines</span> <span class='ocrx_word' id='word_1_133' title='bbox 2001 2431 2176 2519; x_wconf 75' lang='lat' dir='ltr'>juxta</span> <span class='ocrx_word' id='word_1_134' title='bbox 2229 2434 2538 2506; x_wconf 83' lang='lat' dir='ltr'>veritatem</span> 
     </span>
     <span class='ocr_line' id='line_1_19' title="bbox 640 2559 2543 2646; baseline 0.001 -20"><span class='ocrx_word' id='word_1_135' title='bbox 640 2559 989 2638; x_wconf 74' lang='lat' dir='ltr'>depinxisse</span> <span class='ocrx_word' id='word_1_136' title='bbox 1033 2559 1349 2626; x_wconf 80' lang='lat' dir='ltr'>arbitrarer</span> <span class='ocrx_word' id='word_1_137' title='bbox 1396 2559 1568 2644; x_wconf 83' lang='grc'><strong>(4).</strong></span> <span class='ocrx_word' id='word_1_138' title='bbox 1652 2559 1816 2628; x_wconf 83' lang='lat' dir='ltr'>Nam</span> <span class='ocrx_word' id='word_1_139' title='bbox 1869 2563 2055 2630; x_wconf 88' lang='lat' dir='ltr'>sicuti</span> <span class='ocrx_word' id='word_1_140' title='bbox 2105 2559 2291 2630; x_wconf 85' lang='lat' dir='ltr'>hodie</span> <span class='ocrx_word' id='word_1_141' title='bbox 2343 2581 2377 2632; x_wconf 85' lang='lat' dir='ltr'>a</span> <span class='ocrx_word' id='word_1_142' title='bbox 2413 2559 2543 2646; x_wconf 73' lang='lat' dir='ltr'>iip-</span> 
     </span>
     <span class='ocr_line' id='line_1_20' title="bbox 644 2681 2544 2782; baseline 0.005 -36"><span class='ocrx_word' id='word_1_143' title='bbox 644 2681 739 2768; x_wconf 84' lang='lat' dir='ltr'>pis</span> <span class='ocrx_word' id='word_1_144' title='bbox 786 2698 849 2748; x_wconf 89' lang='lat' dir='ltr'>et</span> <span class='ocrx_word' id='word_1_145' title='bbox 899 2683 1255 2751; x_wconf 83' lang='lat' dir='ltr'>tonsoribus</span> <span class='ocrx_word' id='word_1_146' title='bbox 1298 2685 1614 2768; x_wconf 79' lang='lat' dir='ltr'>cognitum</span> <span class='ocrx_word' id='word_1_147' title='bbox 1636 2729 1664 2768; x_wconf 88' lang='lat'><strong>,</strong></span> <span class='ocrx_word' id='word_1_148' title='bbox 1716 2685 2031 2758; x_wconf 82' lang='lat' dir='ltr'>infamiam</span> <span class='ocrx_word' id='word_1_149' title='bbox 2085 2690 2260 2775; x_wconf 84' lang='lat' dir='ltr'>sequi</span> <span class='ocrx_word' id='word_1_150' title='bbox 2311 2707 2544 2782; x_wconf 79' lang='lat' dir='ltr'>poenas</span> 
     </span>
     <span class='ocr_line' id='line_1_21' title="bbox 644 2808 2546 2900; baseline 0.003 -22"><span class='ocrx_word' id='word_1_151' title='bbox 644 2808 985 2878; x_wconf 83' lang='lat' dir='ltr'>criminales</span> <span class='ocrx_word' id='word_1_152' title='bbox 1000 2855 1026 2892; x_wconf 89' lang='lat'><strong>,</strong></span> <span class='ocrx_word' id='word_1_153' title='bbox 1100 2829 1178 2879; x_wconf 84' lang='lat' dir='ltr'>an</span> <span class='ocrx_word' id='word_1_154' title='bbox 1250 2811 1537 2880; x_wconf 87' lang='lat' dir='ltr'>credibile</span> <span class='ocrx_word' id='word_1_155' title='bbox 1609 2811 1826 2899; x_wconf 82' lang='lat' dir='ltr'>capitis</span> <span class='ocrx_word' id='word_1_156' title='bbox 1901 2815 2301 2888; x_wconf 83' lang='lat' dir='ltr'>minutionem</span> <span class='ocrx_word' id='word_1_157' title='bbox 2317 2865 2340 2900; x_wconf 89' lang='lat'><strong>,</strong></span> <span class='ocrx_word' id='word_1_158' title='bbox 2399 2819 2546 2890; x_wconf 87' lang='lat' dir='ltr'>dum</span> 
     </span>
     <span class='ocr_line' id='line_1_22' title="bbox 644 2938 2554 3030; baseline 0.002 -20"><span class='ocrx_word' id='word_1_159' title='bbox 644 2941 935 3027; x_wconf 71' lang='lat' dir='ltr'>vigebat,</span> <span class='ocrx_word' id='word_1_160' title='bbox 1010 2938 1308 3008; x_wconf 86' lang='lat' dir='ltr'>Romanis</span> <span class='ocrx_word' id='word_1_161' title='bbox 1380 2939 1632 3008; x_wconf 85' lang='lat' dir='ltr'>latuisse</span> <span class='ocrx_word' id='word_1_162' title='bbox 1650 2987 1675 3023; x_wconf 89' lang='lat'>,</span> <span class='ocrx_word' id='word_1_163' title='bbox 1751 2942 1837 3010; x_wconf 82' lang='lat' dir='ltr'>ita</span> <span class='ocrx_word' id='word_1_164' title='bbox 1901 2959 1972 3010; x_wconf 84' lang='lat' dir='ltr'>ut</span> <span class='ocrx_word' id='word_1_165' title='bbox 2017 2944 2174 3012; x_wconf 85' lang='lat' dir='ltr'>hane</span> <span class='ocrx_word' id='word_1_166' title='bbox 2221 2963 2362 3012; x_wconf 84' lang='lat' dir='ltr'>cum</span> <span class='ocrx_word' id='word_1_167' title='bbox 2417 2965 2554 3030; x_wconf 86' lang='lat' dir='ltr'>per·</span> 
     </span>
     <span class='ocr_line' id='line_1_23' title="bbox 650 3066 2550 3156; baseline 0.002 -20"><span class='ocrx_word' id='word_1_168' title='bbox 650 3085 836 3156; x_wconf 76' lang='lat' dir='ltr'>petus</span> <span class='ocrx_word' id='word_1_169' title='bbox 914 3067 1301 3139; x_wconf 82' lang='lat' dir='ltr'>damnatione</span> <span class='ocrx_word' id='word_1_170' title='bbox 1371 3066 1862 3154; x_wconf 84' lang='lat' dir='ltr'>confunderent3</span> <span class='ocrx_word' id='word_1_171' title='bbox 1937 3089 2014 3138; x_wconf 91' lang='lat' dir='ltr'>an</span> <span class='ocrx_word' id='word_1_172' title='bbox 2066 3073 2350 3141; x_wconf 86' lang='lat' dir='ltr'>credibile</span> <span class='ocrx_word' id='word_1_173' title='bbox 2398 3071 2550 3142; x_wconf 82' lang='lat' dir='ltr'>illud</span> 
     </span>
     <span class='ocr_line' id='line_1_24' title="bbox 642 3192 2550 3285; baseline 0.002 -21"><span class='ocrx_word' id='word_1_174' title='bbox 642 3203 725 3265; x_wconf 75' lang='lat' dir='ltr'>its</span> <span class='ocrx_word' id='word_1_175' title='bbox 768 3197 967 3267; x_wconf 80' lang='lat' dir='ltr'>fuisse</span> <span class='ocrx_word' id='word_1_176' title='bbox 1016 3195 1393 3284; x_wconf 80' lang='lat' dir='ltr'>incognitum</span> <span class='ocrx_word' id='word_1_177' title='bbox 1414 3243 1439 3281; x_wconf 94' lang='lat'><strong>,</strong></span> <span class='ocrx_word' id='word_1_178' title='bbox 1502 3197 1615 3284; x_wconf 85' lang='lat' dir='ltr'>qui</span> <span class='ocrx_word' id='word_1_179' title='bbox 1671 3192 1976 3285; x_wconf 86' lang='lat' dir='ltr'>JCtorum</span> <span class='ocrx_word' id='word_1_180' title='bbox 2032 3202 2256 3283; x_wconf 82' lang='lat' dir='ltr'>scripta</span> <span class='ocrx_word' id='word_1_181' title='bbox 2309 3199 2550 3284; x_wconf 81' lang='lat' dir='ltr'>pervol-</span> 
     </span>
     <span class='ocr_line' id='line_1_25' title="bbox 645 3325 2558 3416; baseline 0.003 -23"><span class='ocrx_word' id='word_1_182' title='bbox 645 3344 787 3397; x_wconf 80' lang='lat' dir='ltr'>vere</span> <span class='ocrx_word' id='word_1_183' title='bbox 806 3373 831 3409; x_wconf 88' lang='lat'><strong><em>‚</em></strong></span> <span class='ocrx_word' id='word_1_184' title='bbox 906 3325 1126 3396; x_wconf 74' lang='lat' dir='ltr'>idonea</span> <span class='ocrx_word' id='word_1_185' title='bbox 1203 3344 1524 3412; x_wconf 81' lang='lat' dir='ltr'>excerpere</span> <span class='ocrx_word' id='word_1_186' title='bbox 1551 3372 1576 3410; x_wconf 94' lang='lat'><strong>,</strong></span> <span class='ocrx_word' id='word_1_187' title='bbox 1651 3346 1723 3397; x_wconf 84' lang='lat' dir='ltr'>ac</span> <span class='ocrx_word' id='word_1_188' title='bbox 1793 3329 1860 3396; x_wconf 83' lang='lat' dir='ltr'>in</span> <span class='ocrx_word' id='word_1_189' title='bbox 1929 3345 2074 3396; x_wconf 75' lang='lat' dir='ltr'>suae</span> <span class='ocrx_word' id='word_1_190' title='bbox 2127 3329 2320 3416; x_wconf 77' lang='lat' dir='ltr'>gentis</span> <span class='ocrx_word' id='word_1_191' title='bbox 2373 3347 2558 3398; x_wconf 87' lang='lat' dir='ltr'>usum</span> 
     </span>
    </p>

    <p class='ocr_par' dir='ltr' id='par_1_4' title="bbox 2405 3475 2557 3528">
     <span class='ocr_line' id='line_1_26' title="bbox 2405 3475 2557 3528; baseline 0.013 -2"><span class='ocrx_word' id='word_1_192' title='bbox 2405 3475 2557 3528; x_wconf 89' lang='lat' dir='ltr'>con·</span> 
     </span>
    </p>
   </div>
   <div class='ocr_carea' id='block_1_4' title="bbox 629 3681 2551 3911">
    <p class='ocr_par' dir='ltr' id='par_1_5' title="bbox 629 3681 2551 3911">
     <span class='ocr_line' id='line_1_27' title="bbox 750 3681 2551 3757; baseline 0.007 -23"><span class='ocrx_word' id='word_1_193' title='bbox 750 3681 853 3745; x_wconf 73' lang='lat'>(1⁴</span> <span class='ocrx_word' id='word_1_194' title='bbox 881 3683 919 3750; x_wconf 80' lang='lat'>&gt;</span> <span class='ocrx_word' id='word_1_195' title='bbox 968 3681 1091 3736; x_wconf 78' lang='lat' dir='ltr'>illas</span> <span class='ocrx_word' id='word_1_196' title='bbox 1172 3683 1304 3738; x_wconf 82' lang='lat' dir='ltr'>enlm</span> <span class='ocrx_word' id='word_1_197' title='bbox 1378 3683 1816 3752; x_wconf 68' lang='lat' dir='ltr'>interpretationes</span> <span class='ocrx_word' id='word_1_198' title='bbox 1875 3689 2075 3757; x_wconf 78' lang='lat' dir='ltr'>saepius</span> <span class='ocrx_word' id='word_1_199' title='bbox 2129 3687 2251 3754; x_wconf 75' lang='lat' dir='ltr'>iurb</span> <span class='ocrx_word' id='word_1_200' title='bbox 2313 3689 2551 3746; x_wconf 69' lang='lat' dir='ltr'>montio-</span> 
     </span>
     <span class='ocr_line' id='line_1_28' title="bbox 629 3761 2548 3911; baseline 0.011 -101"><span class='ocrx_word' id='word_1_201' title='bbox 629 3773 810 3904; x_wconf 40' lang='grc' dir='ltr'>ἴυζ’</span> <span class='ocrx_word' id='word_1_202' title='bbox 827 3761 1295 3911; x_wconf 46' lang='lat' dir='ltr'>cointirrperessdoeet</span> <span class='ocrx_word' id='word_1_203' title='bbox 1352 3765 1415 3817; x_wconf 82' lang='lat' dir='ltr'>de</span> <span class='ocrx_word' id='word_1_204' title='bbox 1459 3780 1700 3824; x_wconf 65' lang='lat' dir='ltr'>uvion</span> <span class='ocrx_word' id='word_1_205' title='bbox 1753 3771 1944 3828; x_wconf 62' lang='lat' dir='ltr'>Geren·</span> <span class='ocrx_word' id='word_1_206' title='bbox 1994 3775 2088 3830; x_wconf 71' lang='lat' dir='ltr'>des</span> <span class='ocrx_word' id='word_1_207' title='bbox 2121 3774 2278 3830; x_wconf 69' lang='lat' dir='ltr'>lton.</span> <span class='ocrx_word' id='word_1_208' title='bbox 2322 3773 2548 3840; x_wconf 63' lang='lat' dir='ltr'>Ram.</span> 
     </span>
    </p>
   </div>
   <div class='ocr_carea' id='block_1_5' title="bbox 1117 4845 2241 4912">
    <p class='ocr_par' dir='ltr' id='par_1_6' title="bbox 1117 4845 2241 4912">
     <span class='ocr_line' id='line_1_29' title="bbox 1909 4845 1920 4854; baseline 0 0"><span class='ocrx_word' id='word_1_209' title='bbox 1909 4845 1920 4854; x_wconf 69' lang='grc' dir='ltr'>ι.</span> 
     </span>
     <span class='ocr_line' id='line_1_30' title="bbox 1117 4859 2241 4912; baseline -0.009 -12"><span class='ocrx_word' id='word_1_210' title='bbox 1117 4897 1125 4900; x_wconf 86' lang='grc'><strong><em>,</em></strong></span> <span class='ocrx_word' id='word_1_211' title='bbox 1174 4901 1191 4912; x_wconf 20' lang='grc' dir='ltr'>,Ὗ</span> <span class='ocrx_word' id='word_1_212' title='bbox 1316 4892 1324 4900; x_wconf 77' lang='grc' dir='ltr'><strong><em>ε</em></strong></span> <span class='ocrx_word' id='word_1_213' title='bbox 1337 4887 1449 4908; x_wconf 54' lang='lat'>*355²</span> <span class='ocrx_word' id='word_1_214' title='bbox 1470 4866 1994 4908; x_wconf 46' lang='grc' dir='ltr'>,Μ</span> <span class='ocrx_word' id='word_1_215' title='bbox 2010 4859 2241 4876; x_wconf 69' lang='lat'>——-.——</span> 
     </span>
    </p>
   </div>
   <div class='ocr_carea' id='block_1_6' title="bbox 2969 1195 2974 2292">
    <p class='ocr_par' dir='ltr' id='par_1_7' title="bbox 2969 1195 2974 2292">
     <span class='ocr_line' id='line_1_31' title="bbox 2969 1195 2974 2292; baseline 0 0"><span class='ocrx_word' id='word_1_216' title='bbox 2969 1195 2974 2292; x_wconf 95' lang='lat' dir='ltr'> </span> 
     </span>
    </p>
   </div>
   <div class='ocr_carea' id='block_1_7' title="bbox 2259 4847 2754 4868">
    <p class='ocr_par' dir='ltr' id='par_1_8' title="bbox 2259 4847 2754 4868">
     <span class='ocr_line' id='line_1_32' title="bbox 2259 4847 2754 4868; baseline 0 49"><span class='ocrx_word' id='word_1_217' title='bbox 2259 4847 2754 4868; x_wconf 95' lang='lat' dir='ltr'> </span> 
     </span>
    </p>
   </div>
  </div>
 </body>
</html>
