3000 4917
673 400 756 473 92
1506 390 1749 456 ...·“““““·-..

677 575 875 647 hostis
909 574 1130 661 patriae
1167 571 1663 658 pronuntiabatur
1698 568 1856 657 (57)
1894 570 2241 641 solvebatur
2276 592 2415 642 cum
2447 574 2571 643 Im·

678 704 850 789 perio
901 704 1204 771 vinculum
1239 701 1392 787 (58)
1442 698 1786 786 dignitatem
1808 745 1833 783 ,
1892 699 2271 770 amittebatur
2316 702 2562 770 feudum

677 832 837 899 bona
850 829 1305 916 publicabautur
1318 878 1343 914 ,
1362 830 1416 898 si
1431 847 1742 915 caperetur
1753 850 1891 899 reus
1904 878 1929 912 ‚
1947 829 2181 913 capitali
2196 830 2259 898 in
2274 848 2412 899 eum
2430 851 2570 900 sen·

665 956 862 1024 'tentia
914 955 1494 1026 animadvertendum
1541 958 1675 1043 (59
1690 950 1752 1039 ).’
1836 954 2064 1021 Intacta
2113 970 2311 1024 tamen
2355 960 2562 1028 uxoris

678 1085 839 1152 bona
896 1083 1212 1152 manebant
1227 1130 1252 1168 ,
1331 1084 1533 1169 neque
1598 1103 1667 1151 ea
1730 1082 1925 1151 mariti
1983 1095 2208 1150 sortem
2271 1083 2563 1166 sequeba-

672 1224 777 1280 tur
803 1209 847 1294 ζ
858 1211 1017 1296 60).
1097 1211 1407 1297 Respectu
1464 1208 1829 1278 matrimonii
1864 1223 1969 1277 aut
2001 1223 2197 1279 status
2238 1210 2566 1279 liberorum

650 1350 888 1421 ‘postea
921 1337 1257 1422 genitorum
1279 1385 1305 1421 ‚
1336 1337 1400 1404 in
1429 1334 1766 1403 testamenti
1793 1334 2052 1403 factione
2073 1383 2097 1418 ,
2136 1339 2369 1421 qualem
2388 1337 2567 1404 effec-

672 1475 804 1529 tum
845 1464 1155 1549 habuerit,
1196 1465 1348 1532 nihil
1397 1466 1575 1533 docet
1591 1509 1618 1550 ,
1658 1483 1695 1531 e
1726 1477 1933 1531 contra
1951 1509 1976 1545 ,
2031 1482 2171 1528 cum
2220 1463 2440 1546 passim
2480 1466 2559 1531 de

671 1589 884 1657 soluto
901 1637 926 1674 ,
990 1602 1257 1676 propter·
1289 1592 1553 1662 bannum
1628 1592 2088 1661 ecclesiasticum
2110 1637 2136 1673 ‚
2181 1589 2554 1657 matrimonio

677 1713 1035 1783 documenta
1069 1715 1439 1803 reperiantur
1482 1716 1548 1783 in
1596 1717 1798 1784 banno
1847 1714 2130 1785 saeculari
2177 1719 2421 1784 saeculo
2452 1719 2557 1785 de-

668 1839 838 1909 cimo
886 1857 949 1910 et
998 1844 1318 1912 undecimo
1376 1843 1528 1913 nihil
1555 1844 1843 1914 occurrit.
1927 1843 2150 1926 Neque
2201 1840 2279 1909 iis
2324 1857 2559 1929 tempo·

636 1967 847 2037 ·ribus
908 1971 1030 2055 jam
1082 1987 1160 2038 eo
1227 1970 1539 2055 disciplina
1595 1972 1749 2058 iuris
1796 1968 1993 2038 fuerat
2039 1988 2358 2056 progressa
2382 2017 2406 2054 ‚
2481 1986 2554 2041 ut

674 2091 739 2158 in
792 2076 1019 2161 ultione
1037 2142 1062 2179 ,
1115 2095 1268 2164 vivae
1313 2115 1383 2164 ac
1433 2095 1736 2164 bonorum
1780 2094 2095 2163 discrimen
2138 2097 2468 2164 excederet.

638 2244 647 2251 ·
756 2217 946 2306 Quod
974 2219 1029 2287 si
1059 2221 1178 2308 jam
1195 2222 1307 2289 hac
1327 2222 1701 2309 paragrapho
1720 2221 1874 2288 dicta
1890 2222 2278 2307 contraham3
2312 2238 2557 2309 apparet

673 2346 836 2429 leges
855 2391 880 2429 ‚
931 2364 1085 2429 quae
1139 2347 1499 2418 forbannum
1557 2361 1829 2432 spectant
1844 2394 1869 2432 ,
1923 2365 2048 2414 non
2101 2348 2295 2419 fuisse
2359 2371 2554 2422 muta·

634 2482 766 2539 'tas
783 2518 808 2554 ,
859 2472 1068 2541 iisdem
1135 2496 1372 2560 semper
1440 2477 1670 2545 delictis
1690 2524 1715 2560 ,
1785 2475 2192 2544 contumaciae
2221 2522 2224 2529 ›
2258 2480 2415 2548 enim
2482 2502 2551 2550 ac

674 2603 839 2687 pacis
868 2603 1230 2671 fractoribus
1248 2654 1270 2686 ,
1288 2608 1436 2674 illud
1451 2606 1645 2677 fuisse
1658 2606 2015 2693 applicatum
2036 2654 2061 2691 ,
2083 2628 2293 2677 verum
2309 2623 2559 2694 propter

626 2753 639 2761 ·
672 2724 1068 2799 aristocratiae
1112 2731 1470 2800 incrementa
1507 2753 1575 2801 ac
1627 2734 1936 2803 distractas
1979 2735 2209 2819 imperii
2242 2751 2441 2819 partes
2485 2734 2548 2800 in

667 2859 956 2929 comitum
1010 2857 1176 2926 curia
1227 2859 1303 2926 ad
1347 2858 1600 2943 simplex
1663 2859 1903 2953 exilium
1954 2862 2254 2930 redactum
2313 2859 2503 2928 fuisse
2521 2907 2545 2943 ,

668 3006 808 3056 cum
851 2988 1094 3070 plenum
1155 2985 1518 3055 forbannum
1568 2987 1632 3054 in
1681 2986 2109 3071 Imperatorum
2139 2985 2381 3075 judiciis
2423 3006 2551 3054 ma·

634 3115 771 3200 ·gis‘
819 3116 1127 3202 magisque
1172 3116 1417 3186 valeret.

2477 3245 2541 3326 §-

766 3555 917 3618 (37)
947 3552 1329 3605 Aurana-uado
1359 3551 1684 3606 diversitate
1719 3561 2001 3618 temporum
2035 3550 2154 3605 Lib.
2174 3552 2249 3606 11.
2272 3549 2405 3617 Cap.
2442 3560 2522 3611 ιε.

626 3646 631 3651 ·
749 3633 783 3700 (
802 3635 910 3700 58)
956 3638 1245 3688 Annaliun
1301 3637 1478 3701 Saxo,
1522 3649 1655 3703 pag.
1701 3650 1821 3700 507·

663 3790 669 3796 .
764 3719 921 3783 (59)
968 3719 1303 3769 Lanuuinus
1331 3719 1404 3770 ad
1445 3718 1568 3774 Am.
1624 3732 1766 3786 1070.
1815 3719 1877 3771 de
1921 3718 2279 3785 proscriptione
2310 3730 2534 3774 onoma

673 3799 735 3853 dc
781 3797 1041 3851 Not-theim
1088 3799 1322 3850 Bavariae
1365 3800 1547 3853 Ducis.

658 3918 675 3928 .
765 3885 873 3951 (ω
889 3892 920 3947 J
968 3881 1225 3946 Alpertur
1267 3882 1399 3935 Loco
1443 3885 1544 3938 cit.¹
