3000 4917
1298 357 1544 420 ...····.·..-...··
2256 363 2374 430 ιι,

452 556 623 626 quam
647 537 751 624 ius
782 549 1083 619 spectant.
1126 535 1315 624 Quod
1347 551 1550 604 autem
1565 548 1772 602 nostra
1801 545 1990 603 aetate
2019 535 2085 602 in
2115 534 2358 606 Bavaria

441 665 849 732 constitutum
872 663 955 732 ita
968 662 1137 750 Juris
1166 661 1385 731 Gallici
1416 661 1764 732 recentioris
1792 662 2110 748 imaginem
2135 662 2360 746 refert,

446 810 517 861 ut
543 793 749 877 paucis
764 793 907 860 haec
930 792 1225 859 recenseri
1247 809 1433 875 posse
1463 790 1718 858 arbitror
1739 836 1764 871 ,
1797 790 2040 873 quando
2069 790 2144 857 ad
2175 789 2358 857 Fran·

440 921 699 988 cicarum
752 922 951 1005 legum
990 918 1433 1003 expositionem
1478 907 1883 1003 pervenerim.
1966 917 2198 986 Verum
2235 917 2354 986 sub

441 1067 709 1118 canoro
759 1047 847 1116 V.
894 1061 1199 1130 separatae
1250 1060 1395 1114 sunt
1430 1065 1467 1112 a
1523 1045 1890 1113 Germanico
1933 1046 2186 1128 imperio
2223 1045 2359 1111 Bel-

444 1187 648 1260 garum
682 1173 1065 1258 provinciae3
1108 1190 1289 1257 atque
1310 1175 1450 1240 hinc
1486 1188 1624 1255 apta
1654 1171 1922 1242 nascitur
1938 1171 2178 1238 occasio
2206 1189 2358 1254 pau-

448 1301 721 1384 lofusius
750 1304 983 1368 dicendi
1018 1303 1092 1367 de
1128 1303 1353 1385 patriae
1383 1300 1672 1370 institutis
1692 1347 1718 1380 ‚
1751 1319 1906 1382 quae
1952 1301 2049 1366 vel
2095 1313 2233 1365 ante
2262 1298 2361 1366 vel

448 1445 591 1512 post
634 1431 789 1496 illam
844 1427 1204 1511 reipublicae
1241 1427 1632 1496 mutationem
1684 1443 1964 1509 respectu
2022 1422 2204 1492 banni
2265 1422 2356 1491 vi·

448 1555 708 1640 guerint.
812 1559 1019 1638 Atque
1096 1557 1193 1621 hic
1245 1556 1508 1637 primum
1556 1553 1865 1638 quaeritur
1884 1599 1909 1636 ,
1975 1570 2053 1620 an
2115 1551 2359 1619 foedere

448 1663 813 1765 augustano
863 1682 1128 1750 bannum
1182 1683 1494 1764 imperiale
1549 1683 1615 1746 in
1660 1681 1870 1766 Belgio
1923 1680 2112 1750 fuerit
2159 1680 2362 1748 subla·

451 1827 621 1889 tum3
657 1809 826 1888 quod
862 1809 1263 1874 affirmandum
1299 1807 1577 1890 videtur3
1609 1827 1744 1874 nam
1767 1809 1818 1876 si
1852 1810 1956 1892 jus
1970 1823 2356 1889 spectemus,

448 1933 597 1999 nihil
637 1934 711 1998 de
744 1953 812 1997 ea
850 1952 915 1997 re
948 1934 1239 2012 traditur,
1276 1935 1455 1998 verba
1490 1936 1646 2032 enim
1686 1975 1728 2012 ‚‚
1747 1932 2086 2014 provincias
2119 1935 2182 1997 in
2213 1951 2361 2014 pos·
2400 1920 2407 1927 ’

326 2100 335 2106 -
454 2101 498 2142 ‚‚
521 2076 716 2127 terum
737 2059 975 2126 futuras
996 2059 1111 2126 sub
1129 2060 1501 2141 protectione
1522 2107 1545 2140 ‚
1559 2058 1832 2126 custodia
1847 2105 1872 2142 ,
1900 2058 2358 2126 conservatione

457 2203 575 2267 „et
605 2188 825 2256 auxilio
846 2189 1275 2270 Imperatorum
1301 2234 1326 2269 ‚
1367 2189 1606 2272 Regum
1645 2185 2058 2255 Romanorum
2081 2201 2143 2255 et
2167 2187 2244 2286 S.
2269 2187 2354 2253 R.

456 2315 755 2398 „Imperii
807 2317 1060 2401 ejusque
1096 2315 1467 2382 libertatibus
1516 2314 1848 2384 fruituras''
1895 2317 1960 2380 in
2000 2333 2075 2382 eo
2103 2287 2241 2380 sibi
2263 2333 2358 2380 re·

449 2454 764 2526 pugnant,
812 2439 1007 2523 quod'
1051 2442 1128 2508 ab
1193 2459 1313 2506 una
1363 2456 1532 2522 parte
1585 2442 1894 2510 vinculum
1926 2444 2080 2529 juris
2133 2441 2360 2526 publici

451 2571 715 2646 solutum
737 2617 760 2650 ,
808 2567 885 2636 ab
922 2569 1101 2634 altera
1130 2581 1301 2650 parte
1330 2585 1459 2634 non
1496 2567 1654 2654 juris
1683 2570 1954 2670 gentium
1992 2571 2186 2638 fuisse
2215 2588 2361 2652 pac·

452 2710 582 2762 tum
616 2696 766 2765 illud
792 2695 949 2772 inter
982 2694 1321 2766 Germanos
1358 2716 1427 2763 ac
1474 2695 1686 2782 Belgas
1734 2699 2059 2782 suadeant3
2098 2697 2159 2763 hi
2197 2698 2358 2764 enim

451 2824 687 2890 illorum
728 2827 863 2908 jure
900 2844 970 2894 ac
1014 2825 1391 2893 libertatibus
1432 2823 1554 2894 frui
1587 2839 1848 2912 pergunt
1861 2860 1886 2908 ,-
1929 2844 2000 2892 ae
2029 2826 2350 2908 deputatos

448 2950 527 3015 ad
578 2950 791 3016 diemm
839 2943 1179 3034 publicam
1219 2953 1379 3019 sieut
1424 2951 1730 3021 Austriaci
1763 2953 1934 3020 ducis
1972 2952 2072 3020 sui
2106 2949 2352 3017 nomine

452 3073 721 3142 mittunt.
804 3077 1115 3144 Hactenus
1156 3077 1339 3161 igitur
1388 3097 1568 3176 causa
1620 3097 1683 3144 m
1728 3079 1928 3144 medio
1970 3075 2352 3157 relinquitur.

459 3201 701 3270 Certior
748 3217 943 3268 tamen
999 3189 1289 3268 sententia
1358 3202 1659 3286 colligitur
1705 3223 1800 3268 ex.
1831 3202 2081 3268 historia
2097 3249 2120 3282 ,
2189 3202 2352 3268 unde

364 3315 371 3319 ¹
457 3346 704 3419 apparet
758 3327 1221 3400 succedentibus
1273 3329 1471 3398 turbis
1518 3331 1716 3426 magis·
1739 3329 2054 3416 magisque
2100 3329 2352 3414 periisse

458 3475 641 3526 omne
684 3458 1016 3542 vinculum3
1056 3457 1137 3524 ita
1171 3467 1243 3524 ut
1292 3456 1342 3524 si
1397 3457 1473 3523 de
1493 3457 1632 3542 iure
1683 3471 1850 3526 certo
1893 3475 2022 3524 non
2069 3472 2353 3538 constet,

454 3581 623 3653 facto
673 3594 869 3652 tamen
909 3586 1271 3670 Augustano
1317 3559 1559 3652 foedere
1603 3593 1826 3674 nexum
1877 3587 2033 3654 inter
2078 3586 2366 3682 Belgic'a's·

450 3713 789 3795 provincias
832 3732 901 3780 ac
954 3714 1023 3781 S.
1077 3713 1162 3780 R.
1208 3712 1531 3796 Imperium
1577 3713 1878 3782 sublatum
1901 3751 1926 3796 ,
1969 3733 2170 3797 neque
2201 3735 2352 3798 pos,-

450 3855 563 3932 tea·
580 3841 919 3930 restitutum
957 3839 1145 3910 fuisse
1175 3857 1335 3928 recte
1370 3840 1744 3930 admittatun
1803 3844 2011 3928 Atque
2036 3842 2126 3912 sic
2163 3842 2346 3912 libera

1482 3969 1546 4042 R
2315 3988 2353 4035 a
