3000 4917
1252 319 1499 383 a
2239 329 2328 405 ⁸9

441 504 1061 584 inauditum>est5a
1124 487 1449 584 peregrinis
1496 495 1658 565 cives
1707 494 2021 568 Romanos
2057 501 2326 576 ›berede-

436 601 622 703 scribi
652 628 926 716 potuisse
942 675 968 711 ,
1024 645 1213 711 quum
1244 624 1311 694 hi
1358 637 1569 692 contra
1618 615 1895 694 extraneo
1943 626 2325 700 hereditatem

436 758 670 836 deferre
718 756 1196 842 prohiberentur.

521 886 758 974 Sponte
785 904 861 953 ex
890 882 1105 968 capitis
1128 879 1520 951 diminutione
1553 879 1824 966 sequitur
1844 928 1871 965 ‚
1902 882 2164 952 exsulem
2189 883 2331 956 nul.

441 1014 566 1082 lius
594 1009 862 1082 muneris
893 1028 1028 1084 esse
1066 1027 1339 1092 capacem
1359 1055 1385 1091 ,
1428 1008 1541 1075 sed
1580 1027 1726 1076 cum
1764 1007 2000 1077 civitate
2026 1009 2173 1079 haec
2198 1030 2334 1079 om-

442 1138 547 1208 nia
607 1137 804 1226 perite
825 1184 852 1221 ‚
908 1134 1183 1220 quamvis
1224 1151 1349 1204 non
1394 1133 1663 1202 dubitem
1683 1180 1709 1216 ,
1772 1134 1925 1218 quin
1971 1136 2137 1219 apud
2171 1136 2334 1206 illm

444 1278 684 1349 gentem
738 1265 916 1350 cujus
957 1261 1110 1330 civis
1160 1259 1383 1330 factus'
1409 1259 1490 1328 sit
1503 1307 1530 1345 ,
1585 1262 1852 1330 honores
1896 1260 2334 1347 dignitatesque

442 1390 667 1459 ambire
698 1389 922 1475 possit.
984 1389 1122 1458 Nec
1151 1388 1480 1472 quidquam
1500 1389 1741 1457 obstare
1763 1388 1937 1458 video
1960 1437 1986 1473 ,
2006 1388 2329 1473 quomims

447 1516 534 1583 ibi
604 1536 825 1585 nomen
872 1514 1112 1583 militiae
1159 1528 1341 1598 atque
1387 1516 1541 1584 inter
1595 1516 1800 1586 socios
1858 1537 1998 1587 cum
2052 1517 2331 1587 Romano

451 1642 713 1709 exercitu
774 1640 1066 1725 stipendia
1141 1655 1456 1710 mereatur.
1558 1642 1914 1711 Tenendum
1971 1644 2132 1713 enim
2196 1659 2335 1727 est,

456 1768 623 1834 nulla
677 1778 909 1849 praeter
964 1765 1159 1833 civilia
1220 1766 1458 1834 vincula
1497 1767 1691 1850 perire
1714 1814 1738 1848 ,
1773 1787 1925 1850 quae
1969 1768 2029 1835 si
2069 1785 2197 1835 non
2221 1770 2344 1837 lae-

453 1893 671 1960 dantur
728 1904 834 1960 aut
907 1891 1022 1959 sibi
1082 1907 1321 1976 arroget
1383 1893 1558 1959 exsul
1578 1939 1603 1974 ‚
1656 1905 1885 1959 caetera
1913 1892 2132 1960 omnia
2180 1914 2336 1978 quae

452 2019 776 2104 peregrinis
843 2019 1270 2104 permittuntur
1287 2064 1314 2102 ,
1386 2019 1674 2090 licebunt.
1794 2019 1894 2086 Ex
1954 2021 2065 2087 hac
2139 2033 2339 2088 tamen

450 2165 766 2214 munerum
839 2127 1101 2218 civilium
1154 2148 1568 2215 Romanorum
1611 2146 1991 2232 incapaci-ate
2047 2144 2193 2216 mihi
2231 2148 2340 2216 de·

449 2274 593 2340 duci
654 2294 840 2358 posse
897 2274 1134 2342 videtur
1157 2320 1182 2357 ,
1235 2273 1454 2340 nemini
1500 2274 1741 2341 tutelam
1779 2246 2029 2354 concedi
2070 2275 2172 2342 vet
2209 2294 2336 2344 ser-

453 2400 625 2482 vari,
653 2400 756 2468 cui
801 2420 956 2484 aqua
1002 2415 1064 2468 et
1104 2400 1235 2486 igni
1280 2398 1657 2470 interdictum
1684 2414 1799 2469 est.
1882 2400 2102 2470 Obstat
2131 2415 2332 2470 autem

450 2526 592 2595 huic
632 2528 962 2595 sententiae
1010 2547 1068 2614 J.
1117 2547 1378 2614 cujacrr
1425 2526 1662 2612 opinio,
1705 2528 1813 2612 qui
1851 2548 1927 2597 ex
1960 2529 2047 2597 L.
2103 2549 2203 2598 ro.
2236 2528 2326 2615 ff.

442 2651 521 2720 aa
560 2655 775 2721 succus
821 2654 998 2722 docet
1011 2701 1039 2739 ,
1096 2625 1235 2724 non‘
1270 2655 1465 2725 civem
1517 2656 1596 2723 ad
1641 2658 1887 2726 tutelam
1937 2655 2087 2726 civis
2130 2657 2329 2743 tmpu-

442 2778 602 2849 beris
640 2782 918 2865 admitti,
959 2802 1139 2867 quem
1182 2798 1379 2851 tamen
1409 2782 1506 2851 alii
1540 2785 1754 2853 sedulo
1812 2783 2081 2852 refellere
2128 2784 2333 2852 conati

447 2920 637 2988 sunt,
689 2924 761 2976 ut
802 2909 906 2975 vix
949 2908 1131 2994 igitur
1176 2911 1242 2977 in
1286 2924 1458 2977 tanto
1488 2910 1845 2994 opinionum
1884 2923 1948 2975 et
1976 2925 2329 2991 magnorum

448 3031 714 3104 virorum
740 3034 1019 3104 dissensu
1038 3055 1225 3104 meam
1258 3036 1543 3103 extollere
1572 3056 1790 3102 vocem
1807 3034 2077 3103 audeam.
2116 3032 2330 3119 Quum

448 3171 648 3225 tamen
691 3158 1012 3225 necessitas
1066 3173 1269 3244 urgeat
1330 3159 1695 3241 exprimendi
1744 3157 2094 3225 sententiam
2113 3203 2139 3239 ‚
2202 3176 2334 3225 ore·
2393 3141 2404 3152 “

445 3281 532 3351 do
603 3284 823 3352 tutelae
897 3301 1116 3351 munus
1181 3305 1220 3351 a
1285 3283 1606 3368 peregrino
1662 3283 1787 3368 geri
1842 3275 1968 3349 non
2015 3281 2326 3369 potuisse,

447 3432 640 3495 quum
703 3413 823 3480 hoc
896 3431 934 3478 a
996 3410 1204 3494 primis
1256 3409 1437 3478 initiis
1482 3411 1558 3477 ad
1602 3397 1706 3499 jus>
1752 3411 1946 3480 Civile
1990 3411 2329 3480 Romanum

447 3539 805 3624 pertinuerit
818 3585 844 3623 ,
880 3541 1001 3625 iam
1043 3558 1187 3607 vero
1243 3555 1429 3621 supra
1460 3538 1840 3607 observatum
1867 3587 1892 3621 ‚
1943 3541 2062 3607 hoc
2095 3538 2325 3608 civibus

445 3667 758 3750 proprium
795 3681 975 3752 atque
1000 3666 1100 3736 his
1132 3667 1280 3738 solis
1319 3670 1674 3734 concessum
1691 3714 1715 3750 ,
1748 3686 1873 3742 non
1900 3666 2081 3756 igitur
2110 3671 2321 3750 exsul,

441 3793 551 3880 qui
622 3795 719 3862 alii
774 3795 994 3866 civitati
1042 3816 1109 3865 se
1170 3794 1425 3866 adscribi
1470 3814 1688 3878 passus
1748 3808 1881 3880 est,
1943 3816 2018 3865 eo
2074 3795 2319 3865 fruitur.

1365 3925 1427 3992 D
1471 3944 1508 4008 3
2125 3925 2322 4006 Quam
