<?xml version="1.0" encoding="UTF-8"?>
<!DOCTYPE html PUBLIC "-//W3C//DTD XHTML 1.0 Transitional//EN"
    "http://www.w3.org/TR/xhtml1/DTD/xhtml1-transitional.dtd">
<html xmlns="http://www.w3.org/1999/xhtml" xml:lang="en" lang="en">
 <head>
  <title>
</title>
<meta http-equiv="Content-Type" content="text/html;charset=utf-8" />
  <meta name='ocr-system' content='tesseract 3.04.00' />
  <meta name='ocr-capabilities' content='ocr_page ocr_carea ocr_par ocr_line ocrx_word'/>
</head>
<body>
  <div class='ocr_page' id='page_1' title='image "./demortecivili00unkngoog_0071.png"; bbox 0 0 3000 4917; ppageno 0'>
   <div class='ocr_carea' id='block_1_1' title="bbox 1327 310 2417 397">
    <p class='ocr_par' dir='ltr' id='par_1_1' title="bbox 1327 310 2417 397">
     <span class='ocr_line' id='line_1_1' title="bbox 1327 310 2417 397; baseline 0.002 -2"><span class='ocrx_word' id='word_1_1' title='bbox 1327 310 1578 375; x_wconf 85' lang='grc'><em>““·-·“-“-““-·“</em></span> <span class='ocrx_word' id='word_1_2' title='bbox 2329 318 2417 397; x_wconf 71' lang='grc'><strong>55</strong></span> 
     </span>
    </p>
   </div>
   <div class='ocr_carea' id='block_1_2' title="bbox 472 488 2403 1224">
    <p class='ocr_par' dir='ltr' id='par_1_2' title="bbox 472 488 2403 1224">
     <span class='ocr_line' id='line_1_2' title="bbox 480 488 2403 587; baseline 0.004 -26"><span class='ocrx_word' id='word_1_3' title='bbox 480 494 763 562; x_wconf 79' lang='lat' dir='ltr'><strong>bannum</strong></span> <span class='ocrx_word' id='word_1_4' title='bbox 777 538 804 575; x_wconf 91' lang='lat'>,</span> <span class='ocrx_word' id='word_1_5' title='bbox 854 488 1194 587; x_wconf 59' lang='lat' dir='ltr'><strong>introducta</strong></span> <span class='ocrx_word' id='word_1_6' title='bbox 1242 508 1386 561; x_wconf 86' lang='lat' dir='ltr'><strong>cum</strong></span> <span class='ocrx_word' id='word_1_7' title='bbox 1422 492 1762 564; x_wconf 67' lang='lat' dir='ltr'><strong>Christiana</strong></span> <span class='ocrx_word' id='word_1_8' title='bbox 1817 496 2106 583; x_wconf 83' lang='lat' dir='ltr'><strong>reiigione</strong></span> <span class='ocrx_word' id='word_1_9' title='bbox 2157 496 2403 585; x_wconf 71' lang='lat' dir='ltr'><strong>Lingua</strong></span> 
     </span>
     <span class='ocr_line' id='line_1_3' title="bbox 478 618 2395 712; baseline 0.003 -21"><span class='ocrx_word' id='word_1_10' title='bbox 478 622 699 691; x_wconf 60' lang='lat' dir='ltr'><strong>[atina</strong></span> <span class='ocrx_word' id='word_1_11' title='bbox 761 620 1067 705; x_wconf 73' lang='lat' dir='ltr'>antiquior</span> <span class='ocrx_word' id='word_1_12' title='bbox 1134 634 1254 690; x_wconf 86' lang='lat' dir='ltr'><strong>est.</strong></span> <span class='ocrx_word' id='word_1_13' title='bbox 1350 620 1453 689; x_wconf 85' lang='lat' dir='ltr'><strong>Ex</strong></span> <span class='ocrx_word' id='word_1_14' title='bbox 1502 618 1881 707; x_wconf 76' lang='lat' dir='ltr'><strong>inspectione</strong></span> <span class='ocrx_word' id='word_1_15' title='bbox 1935 626 2138 712; x_wconf 81' lang='lat' dir='ltr'><strong>legum</strong></span> <span class='ocrx_word' id='word_1_16' title='bbox 2191 626 2354 698; x_wconf 76' lang='lat' dir='ltr'><strong>enirn</strong></span> <span class='ocrx_word' id='word_1_17' title='bbox 2368 676 2395 712; x_wconf 87' lang='lat'><strong>,</strong></span> 
     </span>
     <span class='ocr_line' id='line_1_4' title="bbox 472 748 2396 835; baseline 0.003 -17"><span class='ocrx_word' id='word_1_18' title='bbox 472 770 631 835; x_wconf 84' lang='lat' dir='ltr'><strong>quae</strong></span> <span class='ocrx_word' id='word_1_19' title='bbox 710 750 830 817; x_wconf 88' lang='lat' dir='ltr'><strong>sub</strong></span> <span class='ocrx_word' id='word_1_20' title='bbox 918 750 1149 819; x_wconf 83' lang='lat' dir='ltr'><strong>Caroio</strong></span> <span class='ocrx_word' id='word_1_21' title='bbox 1231 748 1469 833; x_wconf 82' lang='lat' dir='ltr'><strong>Magno</strong></span> <span class='ocrx_word' id='word_1_22' title='bbox 1551 750 1840 821; x_wconf 75' lang='lat' dir='ltr'><strong>collectae</strong></span> <span class='ocrx_word' id='word_1_23' title='bbox 1916 772 1988 823; x_wconf 80' lang='lat' dir='ltr'><strong>ac</strong></span> <span class='ocrx_word' id='word_1_24' title='bbox 2055 756 2396 825; x_wconf 67' lang='lat' dir='ltr'><strong>emendatae</strong></span> 
     </span>
     <span class='ocr_line' id='line_1_5' title="bbox 472 875 2390 969; baseline 0.003 -22"><span class='ocrx_word' id='word_1_25' title='bbox 472 878 685 960; x_wconf 83' lang='lat' dir='ltr'><strong>fuere,</strong></span> <span class='ocrx_word' id='word_1_26' title='bbox 704 877 849 945; x_wconf 73' lang='lat' dir='ltr'><strong>satis</strong></span> <span class='ocrx_word' id='word_1_27' title='bbox 880 875 1075 960; x_wconf 85' lang='lat' dir='ltr'><strong>liquet</strong></span> <span class='ocrx_word' id='word_1_28' title='bbox 1092 876 1309 945; x_wconf 78' lang='lat' dir='ltr'><strong>Latine</strong></span> <span class='ocrx_word' id='word_1_29' title='bbox 1343 880 1572 947; x_wconf 81' lang='lat' dir='ltr'><strong>reddita</strong></span> <span class='ocrx_word' id='word_1_30' title='bbox 1586 876 1777 949; x_wconf 79' lang='lat' dir='ltr'><strong>fuisse</strong></span> <span class='ocrx_word' id='word_1_31' title='bbox 1798 928 1823 964; x_wconf 90' lang='lat'><strong>,</strong></span> <span class='ocrx_word' id='word_1_32' title='bbox 1843 900 1999 966; x_wconf 80' lang='lat' dir='ltr'><strong>quae</strong></span> <span class='ocrx_word' id='word_1_33' title='bbox 2011 882 2260 969; x_wconf 82' lang='lat' dir='ltr'><strong>proprie</strong></span> <span class='ocrx_word' id='word_1_34' title='bbox 2289 886 2390 953; x_wconf 80' lang='lat' dir='ltr'><strong>vei</strong></span> 
     </span>
     <span class='ocr_line' id='line_1_6' title="bbox 476 1006 2392 1091; baseline 0.001 -14"><span class='ocrx_word' id='word_1_35' title='bbox 476 1008 654 1077; x_wconf 78' lang='lat' dir='ltr'>simili</span> <span class='ocrx_word' id='word_1_36' title='bbox 680 1006 855 1073; x_wconf 82' lang='lat' dir='ltr'><strong>etiam</strong></span> <span class='ocrx_word' id='word_1_37' title='bbox 892 1006 1193 1075; x_wconf 83' lang='lat' dir='ltr'><strong>vocabulo</strong></span> <span class='ocrx_word' id='word_1_38' title='bbox 1230 1006 1381 1074; x_wconf 80' lang='lat' dir='ltr'><strong>verti</strong></span> <span class='ocrx_word' id='word_1_39' title='bbox 1413 1022 1696 1091; x_wconf 84' lang='lat' dir='ltr'><strong>poterant</strong></span> <span class='ocrx_word' id='word_1_40' title='bbox 1715 1054 1740 1090; x_wconf 87' lang='lat'><strong>‚</strong></span> <span class='ocrx_word' id='word_1_41' title='bbox 1765 1023 1993 1079; x_wconf 82' lang='lat' dir='ltr'><strong>caetera</strong></span> <span class='ocrx_word' id='word_1_42' title='bbox 2024 1010 2392 1082; x_wconf 74' lang='lat' dir='ltr'><strong>terminatio-</strong></span> 
     </span>
     <span class='ocr_line' id='line_1_7' title="bbox 472 1134 2386 1224; baseline 0.004 -22"><span class='ocrx_word' id='word_1_43' title='bbox 472 1154 555 1202; x_wconf 86' lang='lat' dir='ltr'><strong>ne</strong></span> <span class='ocrx_word' id='word_1_44' title='bbox 613 1150 849 1203; x_wconf 84' lang='lat' dir='ltr'><strong>tantum</strong></span> <span class='ocrx_word' id='word_1_45' title='bbox 900 1134 1145 1220; x_wconf 80' lang='lat' dir='ltr'><strong>linguae</strong></span> <span class='ocrx_word' id='word_1_46' title='bbox 1194 1136 1644 1203; x_wconf 74' lang='lat' dir='ltr'><strong>accommodata</strong></span> <span class='ocrx_word' id='word_1_47' title='bbox 1691 1136 1917 1207; x_wconf 73' lang='lat' dir='ltr'><strong>fuisse.</strong></span> <span class='ocrx_word' id='word_1_48' title='bbox 2001 1136 2138 1224; x_wconf 76' lang='lat' dir='ltr'><strong>jam</strong></span> <span class='ocrx_word' id='word_1_49' title='bbox 2186 1140 2386 1223; x_wconf 84' lang='lat' dir='ltr'><strong>primo</strong></span> 
     </span>
    </p>
   </div>
   <div class='ocr_carea' id='block_1_3' title="bbox 312 1246 2389 1350">
    <p class='ocr_par' dir='ltr' id='par_1_3' title="bbox 312 1246 2389 1350">
     <span class='ocr_line' id='line_1_8' title="bbox 312 1246 2389 1350; baseline 0.001 -20"><span class='ocrx_word' id='word_1_50' title='bbox 312 1246 340 1279; x_wconf 66' lang='lat'>⁸</span> <span class='ocrx_word' id='word_1_51' title='bbox 472 1264 716 1331; x_wconf 80' lang='lat' dir='ltr'><strong>obtuitu</strong></span> <span class='ocrx_word' id='word_1_52' title='bbox 746 1263 847 1330; x_wconf 77' lang='lat' dir='ltr'><strong>vix</strong></span> <span class='ocrx_word' id='word_1_53' title='bbox 884 1261 1193 1331; x_wconf 78' lang='lat' dir='ltr'><strong>dubitatur</strong></span> <span class='ocrx_word' id='word_1_54' title='bbox 1212 1310 1235 1343; x_wconf 89' lang='lat'>‚</span> <span class='ocrx_word' id='word_1_55' title='bbox 1272 1262 1429 1346; x_wconf 84' lang='lat' dir='ltr'><strong>quin</strong></span> <span class='ocrx_word' id='word_1_56' title='bbox 1463 1261 1830 1333; x_wconf 79' lang='lat' dir='ltr'>forbannum</span> <span class='ocrx_word' id='word_1_57' title='bbox 1865 1264 1942 1331; x_wconf 79' lang='lat' dir='ltr'><strong>ad</strong></span> <span class='ocrx_word' id='word_1_58' title='bbox 1975 1265 2254 1337; x_wconf 82' lang='lat' dir='ltr'><strong>ultimum</strong></span> <span class='ocrx_word' id='word_1_59' title='bbox 2286 1286 2389 1350; x_wconf 83' lang='lat' dir='ltr'><strong>ge-</strong></span> 
     </span>
    </p>
   </div>
   <div class='ocr_carea' id='block_1_4' title="bbox 468 1390 2398 3133">
    <p class='ocr_par' dir='ltr' id='par_1_4' title="bbox 468 1390 2398 3133">
     <span class='ocr_line' id='line_1_9' title="bbox 474 1390 2388 1475; baseline 0.003 -16"><span class='ocrx_word' id='word_1_60' title='bbox 474 1410 595 1459; x_wconf 77' lang='lat' dir='ltr'><strong>nus</strong></span> <span class='ocrx_word' id='word_1_61' title='bbox 638 1390 929 1475; x_wconf 79' lang='lat' dir='ltr'><strong>pertineat</strong></span> <span class='ocrx_word' id='word_1_62' title='bbox 972 1410 1043 1457; x_wconf 81' lang='lat' dir='ltr'><strong>ac</strong></span> <span class='ocrx_word' id='word_1_63' title='bbox 1095 1406 1453 1474; x_wconf 88' lang='lat' dir='ltr'><strong>corruptum</strong></span> <span class='ocrx_word' id='word_1_64' title='bbox 1507 1392 1589 1458; x_wconf 83' lang='lat' dir='ltr'><strong>sit</strong></span> <span class='ocrx_word' id='word_1_65' title='bbox 1641 1410 1718 1459; x_wconf 77' lang='lat' dir='ltr'><strong>ex</strong></span> <span class='ocrx_word' id='word_1_66' title='bbox 1757 1411 1912 1461; x_wconf 78' lang='lat' dir='ltr'><strong>voce</strong></span> <span class='ocrx_word' id='word_1_67' title='bbox 1963 1392 2150 1460; x_wconf 72' lang='lat' dir='ltr'><strong>nobie</strong></span> <span class='ocrx_word' id='word_1_68' title='bbox 2172 1436 2179 1447; x_wconf 90' lang='lat'><strong>·</strong></span> <span class='ocrx_word' id='word_1_69' title='bbox 2202 1394 2388 1465; x_wconf 84' lang='lat' dir='ltr'><strong>hodie</strong></span> 
     </span>
     <span class='ocr_line' id='line_1_10' title="bbox 470 1512 2381 1607; baseline 0.003 -22"><span class='ocrx_word' id='word_1_70' title='bbox 470 1518 715 1605; x_wconf 83' lang='lat' dir='ltr'><strong>cognita</strong></span> <span class='ocrx_word' id='word_1_71' title='bbox 766 1512 1143 1591; x_wconf 68' lang='lat' dir='ltr'><strong>Verbannen</strong></span> <span class='ocrx_word' id='word_1_72' title='bbox 1160 1564 1187 1599; x_wconf 88' lang='lat'>‚</span> <span class='ocrx_word' id='word_1_73' title='bbox 1232 1519 1341 1585; x_wconf 87' lang='lat' dir='ltr'><strong>sed</strong></span> <span class='ocrx_word' id='word_1_74' title='bbox 1384 1520 1619 1589; x_wconf 80' lang='lat' dir='ltr'><strong>diversa</strong></span> <span class='ocrx_word' id='word_1_75' title='bbox 1666 1534 1864 1587; x_wconf 78' lang='lat' dir='ltr'><strong>tamen</strong></span> <span class='ocrx_word' id='word_1_76' title='bbox 1918 1521 2381 1607; x_wconf 73' lang='lat' dir='ltr'><strong>significatione·</strong></span> 
     </span>
     <span class='ocr_line' id='line_1_11' title="bbox 478 1644 2386 1733; baseline 0.001 -17"><span class='ocrx_word' id='word_1_77' title='bbox 478 1672 485 1677; x_wconf 93' lang='lat'>·</span> <span class='ocrx_word' id='word_1_78' title='bbox 560 1645 975 1729; x_wconf 78' lang='lat' dir='ltr'><strong>componitur</strong></span> <span class='ocrx_word' id='word_1_79' title='bbox 992 1646 1150 1713; x_wconf 88' lang='lat' dir='ltr'><strong>enim</strong></span> <span class='ocrx_word' id='word_1_80' title='bbox 1162 1644 1526 1713; x_wconf 78' lang='lat' dir='ltr'><strong>forbannum</strong></span> <span class='ocrx_word' id='word_1_81' title='bbox 1541 1666 1616 1714; x_wconf 82' lang='lat' dir='ltr'><strong>ex</strong></span> <span class='ocrx_word' id='word_1_82' title='bbox 1637 1646 2004 1733; x_wconf 64' lang='lat' dir='ltr'><strong>vocibussor</strong></span> <span class='ocrx_word' id='word_1_83' title='bbox 2015 1648 2386 1719; x_wconf 59' lang='lat' dir='ltr'><strong>mannum.</strong></span> 
     </span>
     <span class='ocr_line' id='line_1_12' title="bbox 475 1772 2390 1867; baseline 0 -23"><span class='ocrx_word' id='word_1_84' title='bbox 475 1774 573 1844; x_wconf 85' lang='lat' dir='ltr'><strong>De</strong></span> <span class='ocrx_word' id='word_1_85' title='bbox 589 1773 867 1842; x_wconf 80' lang='lat' dir='ltr'><strong>vocabuli</strong></span> <span class='ocrx_word' id='word_1_86' title='bbox 884 1792 1029 1841; x_wconf 81' lang='lat' dir='ltr'><strong>vero</strong></span> <span class='ocrx_word' id='word_1_87' title='bbox 1066 1774 1359 1840; x_wconf 66' lang='lat' dir='ltr'><strong>nannum</strong></span> <span class='ocrx_word' id='word_1_88' title='bbox 1374 1772 1606 1867; x_wconf 83' lang='lat' dir='ltr'><strong>origine</strong></span> <span class='ocrx_word' id='word_1_89' title='bbox 1619 1787 1682 1839; x_wconf 89' lang='lat' dir='ltr'><strong>et</strong></span> <span class='ocrx_word' id='word_1_90' title='bbox 1700 1792 1842 1841; x_wconf 76' lang='lat' dir='ltr'><strong>vera</strong></span> <span class='ocrx_word' id='word_1_91' title='bbox 1858 1773 1920 1843; x_wconf 79' lang='lat' dir='ltr'><strong>vi</strong></span> <span class='ocrx_word' id='word_1_92' title='bbox 1937 1774 2104 1845; x_wconf 78' lang='lat' dir='ltr'><strong>varie</strong></span> <span class='ocrx_word' id='word_1_93' title='bbox 2118 1776 2390 1859; x_wconf 66' lang='lat' dir='ltr'><strong>disputa-</strong></span> 
     </span>
     <span class='ocr_line' id='line_1_13' title="bbox 472 1901 2393 1985; baseline 0.001 -16"><span class='ocrx_word' id='word_1_94' title='bbox 472 1918 605 1969; x_wconf 87' lang='lat' dir='ltr'><strong>tum</strong></span> <span class='ocrx_word' id='word_1_95' title='bbox 630 1917 725 1968; x_wconf 81' lang='lat' dir='ltr'><strong>est</strong></span> <span class='ocrx_word' id='word_1_96' title='bbox 749 1922 773 1985; x_wconf 84' lang='lat'>3</span> <span class='ocrx_word' id='word_1_97' title='bbox 798 1902 860 1967; x_wconf 89' lang='lat' dir='ltr'><strong>in</strong></span> <span class='ocrx_word' id='word_1_98' title='bbox 898 1920 975 1967; x_wconf 89' lang='lat' dir='ltr'><strong>eo</strong></span> <span class='ocrx_word' id='word_1_99' title='bbox 1011 1917 1207 1967; x_wconf 81' lang='lat' dir='ltr'><strong>tamen</strong></span> <span class='ocrx_word' id='word_1_100' title='bbox 1229 1901 1506 1985; x_wconf 82' lang='lat' dir='ltr'><strong>plerique</strong></span> <span class='ocrx_word' id='word_1_101' title='bbox 1535 1901 1910 1969; x_wconf 85' lang='lat' dir='ltr'><strong>conveniunt</strong></span> <span class='ocrx_word' id='word_1_102' title='bbox 1925 1949 1949 1982; x_wconf 92' lang='lat'><strong>‚</strong></span> <span class='ocrx_word' id='word_1_103' title='bbox 1967 1904 2136 1985; x_wconf 85' lang='lat' dir='ltr'><strong>quod</strong></span> <span class='ocrx_word' id='word_1_104' title='bbox 2154 1902 2237 1971; x_wconf 84' lang='lat' dir='ltr'><strong>sit</strong></span> <span class='ocrx_word' id='word_1_105' title='bbox 2251 1920 2393 1971; x_wconf 75' lang='lat' dir='ltr'><strong>sen·</strong></span> 
     </span>
     <span class='ocr_line' id='line_1_14' title="bbox 472 2027 2398 2113; baseline 0.001 -16"><span class='ocrx_word' id='word_1_106' title='bbox 472 2032 695 2097; x_wconf 77' lang='lat' dir='ltr'><strong>tentiae</strong></span> <span class='ocrx_word' id='word_1_107' title='bbox 709 2027 1084 2110; x_wconf 73' lang='lat' dir='ltr'><strong>enuntiatio,</strong></span> <span class='ocrx_word' id='word_1_108' title='bbox 1112 2048 1269 2111; x_wconf 84' lang='lat' dir='ltr'><strong>quae</strong></span> <span class='ocrx_word' id='word_1_109' title='bbox 1286 2028 1339 2095; x_wconf 77' lang='lat' dir='ltr'><strong>si</strong></span> <span class='ocrx_word' id='word_1_110' title='bbox 1356 2048 1390 2095; x_wconf 84' lang='lat' dir='ltr'><strong>a</strong></span> <span class='ocrx_word' id='word_1_111' title='bbox 1406 2028 1580 2113; x_wconf 85' lang='lat' dir='ltr'><strong>Rege</strong></span> <span class='ocrx_word' id='word_1_112' title='bbox 1593 2029 1688 2096; x_wconf 85' lang='lat' dir='ltr'><strong>vel</strong></span> <span class='ocrx_word' id='word_1_113' title='bbox 1708 2028 1969 2113; x_wconf 69' lang='lat' dir='ltr'><strong>popolo,</strong></span> <span class='ocrx_word' id='word_1_114' title='bbox 1985 2028 2398 2113; x_wconf 68' lang='lat' dir='ltr'><strong>proficiscere·</strong></span> 
     </span>
     <span class='ocr_line' id='line_1_15' title="bbox 475 2154 2390 2243; baseline 0.001 -18"><span class='ocrx_word' id='word_1_115' title='bbox 475 2173 579 2225; x_wconf 85' lang='lat' dir='ltr'><strong>tur</strong></span> <span class='ocrx_word' id='word_1_116' title='bbox 596 2156 774 2223; x_wconf 88' lang='lat' dir='ltr'><strong>edicti</strong></span> <span class='ocrx_word' id='word_1_117' title='bbox 794 2205 817 2239; x_wconf 88' lang='lat'>‚</span> <span class='ocrx_word' id='word_1_118' title='bbox 838 2156 889 2225; x_wconf 88' lang='lat' dir='ltr'><strong>si</strong></span> <span class='ocrx_word' id='word_1_119' title='bbox 904 2176 940 2222; x_wconf 86' lang='lat' dir='ltr'><strong>a</strong></span> <span class='ocrx_word' id='word_1_120' title='bbox 950 2157 1151 2240; x_wconf 81' lang='lat' dir='ltr'><strong>judice</strong></span> <span class='ocrx_word' id='word_1_121' title='bbox 1168 2204 1193 2237; x_wconf 89' lang='lat'>‚</span> <span class='ocrx_word' id='word_1_122' title='bbox 1222 2155 1431 2243; x_wconf 86' lang='lat' dir='ltr'><strong>judicii</strong></span> <span class='ocrx_word' id='word_1_123' title='bbox 1450 2170 1676 2221; x_wconf 86' lang='lat' dir='ltr'><strong>nomen</strong></span> <span class='ocrx_word' id='word_1_124' title='bbox 1693 2154 1951 2223; x_wconf 76' lang='lat' dir='ltr'><strong>habebnt</strong></span> <span class='ocrx_word' id='word_1_125' title='bbox 1970 2202 1996 2239; x_wconf 86' lang='lat'>‚</span> <span class='ocrx_word' id='word_1_126' title='bbox 2015 2172 2390 2242; x_wconf 82' lang='lat' dir='ltr'><strong>quapropter</strong></span> 
     </span>
     <span class='ocr_line' id='line_1_16' title="bbox 472 2284 2390 2369; baseline 0.002 -19"><span class='ocrx_word' id='word_1_127' title='bbox 472 2302 617 2353; x_wconf 86' lang='lat' dir='ltr'><strong>cum</strong></span> <span class='ocrx_word' id='word_1_128' title='bbox 644 2284 748 2351; x_wconf 80' lang='lat' dir='ltr'><strong>his</strong></span> <span class='ocrx_word' id='word_1_129' title='bbox 776 2284 971 2367; x_wconf 82' lang='lat' dir='ltr'><strong>vuigo</strong></span> <span class='ocrx_word' id='word_1_130' title='bbox 1014 2284 1091 2349; x_wconf 91' lang='lat' dir='ltr'><strong>de</strong></span> <span class='ocrx_word' id='word_1_131' title='bbox 1124 2285 1345 2349; x_wconf 77' lang='lat' dir='ltr'><strong>mulcta</strong></span> <span class='ocrx_word' id='word_1_132' title='bbox 1379 2298 1696 2367; x_wconf 79' lang='lat' dir='ltr'><strong>ageretur,</strong></span> <span class='ocrx_word' id='word_1_133' title='bbox 1737 2284 1916 2351; x_wconf 83' lang='lat' dir='ltr'><strong>etiam</strong></span> <span class='ocrx_word' id='word_1_134' title='bbox 1949 2304 2066 2369; x_wconf 85' lang='lat' dir='ltr'><strong>pro</strong></span> <span class='ocrx_word' id='word_1_135' title='bbox 2095 2287 2390 2369; x_wconf 85' lang='lat' dir='ltr'><strong>pecuniae</strong></span> 
     </span>
     <span class='ocr_line' id='line_1_17' title="bbox 472 2409 2389 2497; baseline 0 -18"><span class='ocrx_word' id='word_1_136' title='bbox 472 2430 709 2481; x_wconf 79' lang='lat' dir='ltr'><strong>summa</strong></span> <span class='ocrx_word' id='word_1_137' title='bbox 728 2430 803 2479; x_wconf 81' lang='lat' dir='ltr'><strong>ex</strong></span> <span class='ocrx_word' id='word_1_138' title='bbox 840 2412 971 2495; x_wconf 86' lang='lat' dir='ltr'><strong>lege</strong></span> <span class='ocrx_word' id='word_1_139' title='bbox 1002 2409 1291 2478; x_wconf 82' lang='lat' dir='ltr'><strong>solvenda</strong></span> <span class='ocrx_word' id='word_1_140' title='bbox 1328 2409 1712 2482; x_wconf 79' lang='lat' dir='ltr'><strong>sumebatur.</strong></span> <span class='ocrx_word' id='word_1_141' title='bbox 1746 2410 2036 2479; x_wconf 75' lang='lat' dir='ltr'><strong>Banm&#39;re</strong></span> <span class='ocrx_word' id='word_1_142' title='bbox 2061 2411 2248 2497; x_wconf 85' lang='lat' dir='ltr'><strong>igitur</strong></span> <span class='ocrx_word' id='word_1_143' title='bbox 2292 2424 2389 2480; x_wconf 80' lang='lat' dir='ltr'><strong>cst</strong></span> 
     </span>
     <span class='ocr_line' id='line_1_18' title="bbox 476 2536 2390 2624; baseline -0.001 -18"><span class='ocrx_word' id='word_1_144' title='bbox 476 2538 707 2607; x_wconf 81' lang='lat' dir='ltr'><strong>edicere</strong></span> <span class='ocrx_word' id='word_1_145' title='bbox 724 2586 751 2621; x_wconf 88' lang='lat'>‚</span> <span class='ocrx_word' id='word_1_146' title='bbox 806 2553 1071 2605; x_wconf 76' lang='lat' dir='ltr'><strong>statuere</strong></span> <span class='ocrx_word' id='word_1_147' title='bbox 1086 2584 1113 2619; x_wconf 89' lang='lat'>‚</span> <span class='ocrx_word' id='word_1_148' title='bbox 1159 2536 1374 2624; x_wconf 77' lang='lat' dir='ltr'><strong>iubere</strong></span> <span class='ocrx_word' id='word_1_149' title='bbox 1389 2583 1414 2618; x_wconf 90' lang='lat'>,</span> <span class='ocrx_word' id='word_1_150' title='bbox 1450 2536 1544 2606; x_wconf 86' lang='lat' dir='ltr'><strong>sic</strong></span> <span class='ocrx_word' id='word_1_151' title='bbox 1583 2536 1854 2604; x_wconf 74' lang='lat' dir='ltr'><strong>bannire</strong></span> <span class='ocrx_word' id='word_1_152' title='bbox 1898 2541 1974 2606; x_wconf 75' lang='lat' dir='ltr'><strong>in</strong></span> <span class='ocrx_word' id='word_1_153' title='bbox 2022 2540 2254 2607; x_wconf 77' lang='lat' dir='ltr'><strong>hostem</strong></span> <span class='ocrx_word' id='word_1_154' title='bbox 2288 2538 2390 2607; x_wconf 79' lang='lat' dir='ltr'><strong>vei</strong></span> 
     </span>
     <span class='ocr_line' id='line_1_19' title="bbox 471 2664 2386 2755; baseline 0 -22"><span class='ocrx_word' id='word_1_155' title='bbox 471 2665 569 2733; x_wconf 78' lang='lat' dir='ltr'><strong>ad</strong></span> <span class='ocrx_word' id='word_1_156' title='bbox 603 2666 915 2755; x_wconf 72' lang='lat' dir='ltr'><strong>placitum</strong></span> <span class='ocrx_word' id='word_1_157' title='bbox 968 2680 1101 2749; x_wconf 79' lang='lat' dir='ltr'><strong>est3</strong></span> <span class='ocrx_word' id='word_1_158' title='bbox 1156 2665 1447 2749; x_wconf 88' lang='lat' dir='ltr'><strong>imperare</strong></span> <span class='ocrx_word' id='word_1_159' title='bbox 1464 2711 1489 2746; x_wconf 91' lang='lat'>‚</span> <span class='ocrx_word' id='word_1_160' title='bbox 1529 2679 1602 2733; x_wconf 88' lang='lat' dir='ltr'><strong>ut</strong></span> <span class='ocrx_word' id='word_1_161' title='bbox 1647 2666 1786 2749; x_wconf 84' lang='lat' dir='ltr'><strong>quis</strong></span> <span class='ocrx_word' id='word_1_162' title='bbox 1821 2666 1898 2733; x_wconf 79' lang='lat' dir='ltr'><strong>ad</strong></span> <span class='ocrx_word' id='word_1_163' title='bbox 1925 2664 2250 2735; x_wconf 78' lang='lat' dir='ltr'><strong>exercitum</strong></span> <span class='ocrx_word' id='word_1_164' title='bbox 2283 2664 2386 2733; x_wconf 75' lang='lat' dir='ltr'><strong>vel</strong></span> 
     </span>
     <span class='ocr_line' id='line_1_20' title="bbox 468 2792 2382 2879; baseline 0.001 -18"><span class='ocrx_word' id='word_1_165' title='bbox 468 2796 547 2861; x_wconf 75' lang='lat' dir='ltr'><strong>ad</strong></span> <span class='ocrx_word' id='word_1_166' title='bbox 595 2813 834 2863; x_wconf 82' lang='lat' dir='ltr'><strong>causam</strong></span> <span class='ocrx_word' id='word_1_167' title='bbox 880 2794 1186 2863; x_wconf 78' lang='lat' dir='ltr'><strong>dicendam</strong></span> <span class='ocrx_word' id='word_1_168' title='bbox 1228 2794 1675 2879; x_wconf 81' lang='lat' dir='ltr'><strong>proficiscatur.</strong></span> <span class='ocrx_word' id='word_1_169' title='bbox 1740 2792 1888 2860; x_wconf 82' lang='lat' dir='ltr'><strong>Vox</strong></span> <span class='ocrx_word' id='word_1_170' title='bbox 1933 2808 2134 2861; x_wconf 83' lang='lat' dir='ltr'><strong>autem</strong></span> <span class='ocrx_word' id='word_1_171' title='bbox 2169 2793 2298 2878; x_wconf 81' lang='lat' dir='ltr'><strong>for</strong></span> <span class='ocrx_word' id='word_1_172' title='bbox 2343 2812 2382 2862; x_wconf 67' lang='grc' dir='ltr'>ι</span> 
     </span>
     <span class='ocr_line' id='line_1_21' title="bbox 470 2918 2382 3019; baseline -0.002 -28"><span class='ocrx_word' id='word_1_173' title='bbox 470 2922 699 2991; x_wconf 82' lang='lat' dir='ltr'><strong>Latino</strong></span> <span class='ocrx_word' id='word_1_174' title='bbox 755 2921 909 2991; x_wconf 78' lang='lat' dir='ltr'><strong>foris</strong></span> <span class='ocrx_word' id='word_1_175' title='bbox 974 2942 1009 2990; x_wconf 83' lang='lat' dir='ltr'><strong>a</strong></span> <span class='ocrx_word' id='word_1_176' title='bbox 1062 2923 1367 3006; x_wconf 86' lang='lat' dir='ltr'><strong>plerisque</strong></span> <span class='ocrx_word' id='word_1_177' title='bbox 1424 2918 1856 3003; x_wconf 78' lang='lat' dir='ltr'><strong>interpretibus</strong></span> <span class='ocrx_word' id='word_1_178' title='bbox 1918 2920 2210 3019; x_wconf 80' lang='lat' dir='ltr'><strong>originem</strong></span> <span class='ocrx_word' id='word_1_179' title='bbox 2260 2934 2382 2988; x_wconf 57' lang='lat' dir='ltr'><strong>traa-</strong></span> 
     </span>
     <span class='ocr_line' id='line_1_22' title="bbox 469 3046 2380 3133; baseline -0.004 -14"><span class='ocrx_word' id='word_1_180' title='bbox 469 3052 613 3119; x_wconf 81' lang='lat' dir='ltr'><strong>here</strong></span> <span class='ocrx_word' id='word_1_181' title='bbox 648 3046 866 3121; x_wconf 71' lang='lat' dir='ltr'><strong>dicitur</strong></span> <span class='ocrx_word' id='word_1_182' title='bbox 882 3097 908 3132; x_wconf 84' lang='lat'>,</span> <span class='ocrx_word' id='word_1_183' title='bbox 944 3065 1015 3117; x_wconf 87' lang='lat' dir='ltr'><strong>ut</strong></span> <span class='ocrx_word' id='word_1_184' title='bbox 1058 3048 1139 3119; x_wconf 78' lang='lat' dir='ltr'><strong>sit</strong></span> <span class='ocrx_word' id='word_1_185' title='bbox 1170 3048 1556 3117; x_wconf 72' lang='lat' dir='ltr'><strong>forbannitus</strong></span> <span class='ocrx_word' id='word_1_186' title='bbox 1574 3093 1600 3129; x_wconf 87' lang='lat'><strong>,</strong></span> <span class='ocrx_word' id='word_1_187' title='bbox 1650 3047 1822 3130; x_wconf 75' lang='lat' dir='ltr'><strong>soris</strong></span> <span class='ocrx_word' id='word_1_188' title='bbox 1854 3046 2060 3113; x_wconf 81' lang='lat' dir='ltr'><strong>banno</strong></span> <span class='ocrx_word' id='word_1_189' title='bbox 2095 3047 2333 3133; x_wconf 73' lang='lat' dir='ltr'><strong>positus</strong></span> <span class='ocrx_word' id='word_1_190' title='bbox 2351 3094 2380 3129; x_wconf 89' lang='lat'>,</span> 
     </span>
    </p>
   </div>
   <div class='ocr_carea' id='block_1_5' title="bbox 470 3167 2594 3279">
    <p class='ocr_par' dir='ltr' id='par_1_5' title="bbox 470 3167 2594 3279">
     <span class='ocr_line' id='line_1_23' title="bbox 470 3167 2594 3279; baseline -0.002 -35"><span class='ocrx_word' id='word_1_191' title='bbox 470 3178 707 3279; x_wconf 34' lang='lat' dir='ltr'><strong>exlex„</strong></span> <span class='ocrx_word' id='word_1_192' title='bbox 782 3178 973 3268; x_wconf 84' lang='lat' dir='ltr'><strong>Quod</strong></span> <span class='ocrx_word' id='word_1_193' title='bbox 1042 3178 1154 3245; x_wconf 72' lang='lat' dir='ltr'><strong>etsi</strong></span> <span class='ocrx_word' id='word_1_194' title='bbox 1181 3224 1206 3258; x_wconf 88' lang='lat'>,</span> <span class='ocrx_word' id='word_1_195' title='bbox 1277 3176 1453 3245; x_wconf 87' lang='lat' dir='ltr'><strong>utin</strong></span> <span class='ocrx_word' id='word_1_196' title='bbox 1510 3186 1830 3259; x_wconf 79' lang='lat' dir='ltr'><strong>postermn</strong></span> <span class='ocrx_word' id='word_1_197' title='bbox 1871 3170 2252 3252; x_wconf 77' lang='lat' dir='ltr'><strong>videbimus,</strong></span> <span class='ocrx_word' id='word_1_198' title='bbox 2291 3169 2381 3241; x_wconf 82' lang='lat' dir='ltr'><strong>rei</strong></span> <span class='ocrx_word' id='word_1_199' title='bbox 2513 3182 2521 3189; x_wconf 82' lang='grc'><em>“</em></span> <span class='ocrx_word' id='word_1_200' title='bbox 2587 3167 2594 3175; x_wconf 83' lang='grc'><strong><em>’</em></strong></span> 
     </span>
    </p>
   </div>
   <div class='ocr_carea' id='block_1_6' title="bbox 468 3298 2390 3879">
    <p class='ocr_par' dir='ltr' id='par_1_6' title="bbox 468 3298 2383 3773">
     <span class='ocr_line' id='line_1_24' title="bbox 468 3298 2377 3385; baseline -0.003 -11"><span class='ocrx_word' id='word_1_201' title='bbox 468 3304 599 3373; x_wconf 73' lang='lat' dir='ltr'><strong>fere</strong></span> <span class='ocrx_word' id='word_1_202' title='bbox 629 3305 953 3373; x_wconf 81' lang='lat' dir='ltr'><strong>conveniat</strong></span> <span class='ocrx_word' id='word_1_203' title='bbox 968 3348 995 3385; x_wconf 86' lang='lat'>‚</span> <span class='ocrx_word' id='word_1_204' title='bbox 1023 3317 1222 3370; x_wconf 76' lang='lat' dir='ltr'><strong>temen</strong></span> <span class='ocrx_word' id='word_1_205' title='bbox 1254 3301 1307 3369; x_wconf 86' lang='lat' dir='ltr'><strong>si</strong></span> <span class='ocrx_word' id='word_1_206' title='bbox 1345 3320 1380 3369; x_wconf 79' lang='lat' dir='ltr'><strong>a</strong></span> <span class='ocrx_word' id='word_1_207' title='bbox 1396 3300 1616 3384; x_wconf 82' lang='lat' dir='ltr'><strong>primis.</strong></span> <span class='ocrx_word' id='word_1_208' title='bbox 1638 3298 1822 3365; x_wconf 77' lang='lat' dir='ltr'><strong>initiis</strong></span> <span class='ocrx_word' id='word_1_209' title='bbox 1845 3298 2000 3367; x_wconf 75' lang='lat' dir='ltr'><strong>illud</strong></span> <span class='ocrx_word' id='word_1_210' title='bbox 2026 3299 2377 3369; x_wconf 75' lang='lat' dir='ltr'><strong>institutum</strong></span> 
     </span>
     <span class='ocr_line' id='line_1_25' title="bbox 468 3425 2382 3517; baseline -0.004 -15"><span class='ocrx_word' id='word_1_211' title='bbox 468 3448 739 3517; x_wconf 84' lang='lat' dir='ltr'><strong>repetere</strong></span> <span class='ocrx_word' id='word_1_212' title='bbox 784 3450 855 3499; x_wconf 86' lang='lat' dir='ltr'><strong>ac</strong></span> <span class='ocrx_word' id='word_1_213' title='bbox 906 3431 1346 3516; x_wconf 77' lang='lat' dir='ltr'><strong>grammaticam</strong></span> <span class='ocrx_word' id='word_1_214' title='bbox 1388 3427 1933 3513; x_wconf 79' lang='lat' dir='ltr'><strong>interpretationem</strong></span> <span class='ocrx_word' id='word_1_215' title='bbox 1996 3425 2177 3511; x_wconf 74' lang='lat' dir='ltr'><strong>sequi</strong></span> <span class='ocrx_word' id='word_1_216' title='bbox 2227 3428 2382 3495; x_wconf 70' lang='lat' dir='ltr'><strong>veli·</strong></span> 
     </span>
     <span class='ocr_line' id='line_1_26' title="bbox 470 3555 2383 3643; baseline -0.002 -16"><span class='ocrx_word' id='word_1_217' title='bbox 470 3580 613 3627; x_wconf 66' lang='grc' dir='ltr'><strong>ωας</strong></span> <span class='ocrx_word' id='word_1_218' title='bbox 634 3608 657 3641; x_wconf 89' lang='grc'><em>,</em></span> <span class='ocrx_word' id='word_1_219' title='bbox 754 3578 991 3643; x_wconf 46' lang='lat' dir='ltr'><strong>parum,</strong></span> <span class='ocrx_word' id='word_1_220' title='bbox 1035 3572 1310 3626; x_wconf 83' lang='lat' dir='ltr'><strong>accurate</strong></span> <span class='ocrx_word' id='word_1_221' title='bbox 1391 3558 1620 3624; x_wconf 88' lang='lat' dir='ltr'><strong>dictum</strong></span> <span class='ocrx_word' id='word_1_222' title='bbox 1704 3556 1960 3624; x_wconf 85' lang='lat' dir='ltr'><strong>arbitror</strong></span> <span class='ocrx_word' id='word_1_223' title='bbox 1977 3604 2002 3637; x_wconf 85' lang='lat'><strong>,</strong></span> <span class='ocrx_word' id='word_1_224' title='bbox 2091 3555 2383 3641; x_wconf 83' lang='lat' dir='ltr'><strong>quoniam</strong></span> 
     </span>
     <span class='ocr_line' id='line_1_27' title="bbox 473 3684 2382 3773; baseline -0.004 -15"><span class='ocrx_word' id='word_1_225' title='bbox 473 3686 645 3758; x_wconf 74' lang='lat' dir='ltr'><strong>vocis</strong></span> <span class='ocrx_word' id='word_1_226' title='bbox 708 3704 863 3757; x_wconf 77' lang='lat' dir='ltr'><strong>usus</strong></span> <span class='ocrx_word' id='word_1_227' title='bbox 924 3685 1067 3757; x_wconf 80' lang='lat' dir='ltr'><strong>huic</strong></span> <span class='ocrx_word' id='word_1_228' title='bbox 1136 3686 1461 3757; x_wconf 84' lang='lat' dir='ltr'><strong>sententiae</strong></span> <span class='ocrx_word' id='word_1_229' title='bbox 1523 3702 1858 3773; x_wconf 82' lang='lat' dir='ltr'><strong>repugnare</strong></span> <span class='ocrx_word' id='word_1_230' title='bbox 1929 3685 2191 3756; x_wconf 81' lang='lat' dir='ltr'><strong>videtur.</strong></span> <span class='ocrx_word' id='word_1_231' title='bbox 2270 3684 2382 3751; x_wconf 86' lang='lat' dir='ltr'><strong>Ait</strong></span> 
     </span>
    </p>

    <p class='ocr_par' dir='ltr' id='par_1_7' title="bbox 1456 3810 2390 3879">
     <span class='ocr_line' id='line_1_28' title="bbox 1456 3810 2390 3879; baseline -0.003 3"><span class='ocrx_word' id='word_1_232' title='bbox 1456 3821 1462 3826; x_wconf 91' lang='grc'><strong>’</strong></span> <span class='ocrx_word' id='word_1_233' title='bbox 2229 3810 2390 3879; x_wconf 81' lang='lat' dir='ltr'><strong>enim</strong></span> 
     </span>
    </p>
   </div>
  </div>
 </body>
</html>
