3000 4917
653 301 781 369 ωδ
1471 303 1717 365 =

666 491 819 558 haec
877 506 1003 556 non
1062 485 1307 570 verme,
1359 487 1471 555 aed
1526 486 1699 556 facto
1742 486 1920 556 etiam
1981 490 2223 556 solutae
2278 489 2445 573 sint,
2507 511 2582 560 ea

665 619 888 686 dixisse
950 628 1321 698 contentus,
1382 634 1541 698 quae
1567 618 1706 702 jure
1747 615 1989 684 Gallico
2033 617 2222 682 veteri
2245 664 2269 697 ,
2318 619 2386 684 id
2428 633 2524 684 est
2547 665 2573 700 ,

670 728 809 813 ante
870 744 1334 811 conversionem
1389 742 1632 828 vigente
1697 738 2033 811 coustituta
2083 743 2336 812 fuerint.
2430 746 2573 831 Jam

660 889 811 940 vero
864 872 1066 938 oritur
1107 872 1391 955 quaestio
1413 878 1466 952 ‚³
1490 873 1645 955 quid
1692 872 1920 939 ibidem
1970 878 2132 938 moi-s
2178 873 2421 955 civilis,
2455 875 2576 942 sed

603 1012 610 1021 ·
671 1015 736 1066 et
786 1000 972 1066 simul
1004 1000 1207 1066 videre
1240 1012 1333 1066 est
1350 1042 1378 1080 ,
1414 1016 1595 1081 quam
1629 998 1990 1066 conturbata
2012 1044 2037 1080 ‚
2071 978 2341 1067 truncata
2357 1046 2382 1082 ‚
2421 1019 2579 1067 con-

669 1127 815 1196 fusa
860 1142 926 1194 et
957 1125 1262 1194 erroribus
1305 1126 1531 1209 repleta
1579 1126 1662 1192 sit
1715 1127 1868 1193 haec
1922 1128 2245 1209 doctrina,
2304 1146 2441 1193 nam
2482 1130 2574 1195 ai-

669 1256 812 1341 quis
845 1255 1256 1324 definitionem
1296 1268 1465 1338 petat
1511 1255 1770 1338 ingenue
1794 1251 1999 1321 fateor
2034 1256 2261 1321 nullam
2308 1254 2526 1322 habere
2542 1301 2573 1337 ,

672 1400 834 1468 quae
880 1385 964 1451 rei
1012 1382 1361 1450 conveniat.
1444 1381 1566 1449 Est
1608 1380 1766 1448 enim
1791 1427 1816 1463 ‚
1864 1383 1987 1449 nisi
2011 1379 2248 1463 fallor,
2300 1380 2573 1448 definitio

589 1501 594 1507 ’
669 1512 879 1580 brevis
932 1511 1020 1578 rei
1070 1509 1430 1592 descriptio.
1515 1510 1607 1574 At
1656 1510 1975 1592 quomodo
2022 1510 2340 1593 depingam
2396 1509 2577 1576 insti-

667 1654 864 1709 tutum
885 1681 914 1723 ,
987 1639 1160 1723 quod
1205 1635 1349 1723 Jani
1408 1638 1600 1703 instar
1664 1636 1896 1720 duplici
1978 1633 2137 1703 facie
2202 1637 2576 1720 praeditum.

669 1762 858 1839 Nam'
906 1780 1076 1836 mors
1143 1765 1339 1835 civilis
1400 1764 1839 1833 monachorum
1904 1783 1976 1831 ac
2025 1758 2574 1832 condemhatorum

625 1970 630 1975 ,
668 1897 732 1965 in
785 1897 994 1965 multis
1015 1884 1018 1887 ’
1039 1895 1165 1964 'eibi
1230 1895 1490 1962 invicem
1543 1904 1909 1983 repugnant.
1992 1890 2169 1961 Voto
2227 1891 2391 1958 enim
2448 1912 2577 1958 ma-

670 2027 1026 2094 trimonium
1093 2024 1272 2107 plane
1316 2023 1621 2104 solvitur,
1679 2033 1878 2086 morte
1933 2019 2097 2085 civili
2151 2033 2404 2102 propter
2453 2020 2575 2086 cri·

564 2158 570 2165 '
666 2170 860 2235 men,
918 2153 1123 2235 quoad
1187 2151 1292 2236 jus
1355 2133 1536 2216 civile
1597 2161 1867 2228 tantum,
1928 2165 2059 2214 non
2125 2145 2353 2213 ratione
2432 2149 2575 2217 vin·

672 2281 824 2348 culi.
906 2279 1261 2347 Monachus
1298 2278 1473 2346 testis
1508 2296 1642 2344 esse
1668 2276 1898 2357 ‘potest
1921 2322 1946 2357 ,
2005 2276 2289 2342 bannitus
2339 2277 2403 2343 in
2434 2296 2575 2360 per·

670 2422 928 2493 petuum
991 2425 1121 2475 non
1196 2406 1381 2485 item3
1447 2407 1550 2474 hic
1588 2380 1837 2489 propter
1862 2374 2153 2471 '‘murtem'
2185 2402 2423 2472 civilem
2462 2404 2572 2470 be-

669 2533 892 2600 neficio
930 2535 1243 2617 privatur,
1284 2534 1383 2599 ille
1417 2533 1820 2600 nihilominus
1869 2532 2160 2614 adquirit.
2246 2531 2572 2615 Distingu-

670 2660 893 2725 endum
935 2656 1120 2741 igitur
1141 2703 1164 2741 ,
1224 2679 1297 2725 ac
1343 2632 1664 2743 sepatatim
1720 2677 1819 2726 res
1866 2658 2245 2742 spectandam
2309 2673 2572 2726 attamen

676 2786 983 2856 observari
1032 2784 1206 2853 liceat
1249 2801 1379 2851 non
1423 2786 1733 2885 egregium
1797 2786 2029 2869 aliquid
2084 2787 2182 2854 vel
2235 2786 2574 2860 imitatione

676 2915 926 2997 dignum
983 2898 1168 2993 esse,
1222 2912 1458 2981 diversa
1510 2913 1690 2995 plane
1734 2913 2014 2982 instituta
2054 2915 2265 2982 eodem
2319 2915 2579 2982 nomine

672 3042 972 3128 insigniri.
1056 3042 1152 3110 De
1211 3040 1645 3107 monachorum
1707 3059 1780 3107 ac
1842 3041 2194 3108 monialium
2238 3061 2433 3111 morte
2483 3046 2578 3113 ci·

674 3170 779 3239 vili
849 3168 1110 3254 primum
1172 3168 1532 3249 videamu53
1616 3186 1745 3234 non
1797 3167 2073 3235 sublatae
2119 3188 2266 3236 sunt
2315 3173 2579 3240 difficul-

674 3312 856 3366 tates.
941 3295 1190 3384 Quippe
1242 3297 1470 3377 triplici
1520 3309 1672 3361 voto
1713 3298 1963 3363 saeculo
2012 3297 2259 3380 quidem
2308 3299 2580 3366 moriun-

598 3434 618 3449 ’·
678 3439 817 3503 tur,
876 3426 983 3489 sed
1034 3423 1325 3507 temporis
1377 3424 1556 3505 lapsu
1605 3441 1678 3489 ac
1731 3426 2182 3493 consuetudine
2233 3429 2406 3510 plura
2434 3428 2580 3497 xim-

679 3564 908 3619 mutata
960 3549 1150 3617 fuere.
1235 3551 1396 3618 Nam
1442 3553 1574 3633 illi,
1631 3554 1739 3635 qui
1789 3552 2162 3640 presbyteria
2223 3553 2582 3622 deserviunt

684 3694 758 3740 ac
824 3692 1144 3758 propterea
1197 3696 1418 3747 exeunt
1472 3685 1874 3768 monasterio,
1928 3702 2071 3750 cum
2121 3684 2351 3751 reditus
2397 3683 2585 3751 bene-

687 3798 815 3870 ficii
865 3801 931 3866 in
978 3819 1160 3870 suum
1226 3823 1409 3874 usum
1462 3822 1810 3878 convertere
1887 3810 2178 3896 possint,
2241 3829 2446 3880 revera
2512 3813 2583 3881 in

2450 3953 2588 4002 sae-
