3000 4917
670 368 755 435 ει
1481 348 1742 441 ·-···-··-'··-=.

676 542 981 629 religionis
1035 540 1442 609 conditionem
1492 557 1825 612 mutarunt.
1931 544 2091 613 Nam
2147 564 2287 614 cum
2333 545 2410 613 ab
2461 547 2576 615 ho-

676 670 937 738 minibus
978 669 1359 738 vincerentur
1400 670 1632 755 origine
1679 671 2000 741 Germanis
2018 720 2044 755 ,
2086 673 2198 755 qui·
2242 692 2441 757 neque
2468 694 2574 741 an-

682 798 882 879 tiquas
922 798 1085 881 leges
1118 798 1522 881 deposuerant
1541 845 1566 880 ,
1600 817 1802 883 neque
1848 801 1902 866 si
1941 801 2040 868 vel
2076 801 2186 869 has
2229 820 2369 869 cum
2431 803 2573 871 sede

668 932 1002 991 mutassent
1017 970 1042 1005 ‚
1085 942 1447 1026 quemquam
1478 926 1668 993 aliena
1705 929 1838 1012 lege
1872 926 2070 995 vivere
2107 928 2446 1013 cogebant3
2499 944 2573 997 ut

668 1070 810 1119 cum
845 1070 989 1117 mox
1024 1049 1222 1118 diviso
1252 1052 1407 1117 inter
1436 1070 1693 1120 canon
1731 1073 1956 1121 mecm
1979 1054 2255 1139 Nepotes
2270 1054 2564 1139 imperio,

671 1178 751 1245 ad
778 1177 1068 1261 pristinos
1114 1179 1377 1263 regionis
1405 1177 1693 1247 terminos
1727 1180 1940 1247 Franci
1975 1182 2276 1271 redirent,
2315 1184 2418 1252 vix
2457 1200 2572 1249 no·

668 1324 777 1373 vas
810 1304 973 1391 leges
1000 1306 1301 1390 accepisse
1315 1304 1604 1375 Germani
1619 1305 1732 1373 dici
1747 1308 2012 1390 possint.
2074 1307 2237 1375 Hinc
2253 1328 2394 1377 cum
2410 1308 2567 1377 Ger·

668 1451 983 1501 manorum
1058 1452 1259 1502 mores
1322 1436 1578 1501 maxIme
1643 1436 1904 1503 valerent
1973 1437 2051 1503 ad
2109 1438 2566 1505 conversionem

664 1561 912 1629 aliarum
964 1562 1233 1647 gentium
1253 1609 1278 1644 ,
1334 1561 1411 1629 ab
1467 1562 1678 1630 harum
1729 1562 2078 1632 auctoritate
2124 1564 2402 1633 intactam
2457 1566 2563 1633 ha·

662 1690 852 1760 buere
898 1690 1353 1776 rempublicam.

748 1822 839 1887 At
866 1818 1077 1888 multis
1093 1818 1266 1886 etiain
1282 1816 1601 1904 propterea
1611 1818 2058 1888 difficultatibus
2073 1832 2166 1887 est
2177 1819 2509 1888 obnoxium
2531 1867 2557 1903 ,

658 1948 823 2031 leges
856 1964 1068 2014 eorum
1108 1959 1380 2013 accurate
1412 1964 1736 2029 exponere.
1812 1946 1938 2035 Qui
1969 1945 2125 2013 enim
2153 1948 2228 2013 de
2267 1945 2558 2015 Moribus

656 2072 1103 2142 Germanorum
1142 2073 1516 2161 scripserunt
1563 2091 1826 2141 cansam
1874 2088 1935 2139 et
1964 2093 2263 2142 merrus
2284 2121 2308 2157 ‚
2353 2074 2556 2141 ‘obiter

654 2214 889 2269 tantum
922 2220 1047 2267 rem
1096 2202 1458 2287 tetigerunt,
1513 2180 1640 2269 sive
1698 2202 2125 2271 accuratiorem
2171 2204 2247 2269 de
2313 2204 2386 2271 iis
2439 2203 2555 2269 sibi

653 2348 1002 2413 comparare
1026 2328 1297 2396 notitiam
1332 2306 1826 2414 haud'potuerint
1842 2377 1866 2411 ‚
1903 2330 2032 2399 sive
2065 2332 2412 2413 aequalibus
2425 2330 2552 2431 suis

654 2456 805 2523 haec
877 2456 1145 2559 sufficere
1214 2456 1512 2539 putarint.
1641 2458 1961 2541 Praecipue
2011 2458 2194 2543 igitur
2251 2459 2353 2525 hic
2413 2478 2552 2527 suc-

650 2582 839 2649 currit
866 2581 1141 2663 publicae
1187 2584 1548 2651 conditionis
1568 2631 1593 2666 ‚
1641 2598 1712 2652 ut
1749 2584 1936 2652 verbo
1991 2585 2073 2651 sit
2134 2585 2306 2651 venia
2326 2631 2349 2665 ,
2399 2602 2550 2652 con-

646 2707 899 2775 tinuatio
917 2755 944 2791 ‚
995 2728 1117 2791 qua
1164 2708 1394 2779 factum
1415 2757 1439 2793 ‚
1492 2724 1566 2777 ut
1593 2730 1667 2777 ex
1699 2710 2052 2794 posterioris
2093 2710 2224 2777 aevi
2277 2712 2548 2793 reliquiis

652 2836 830 2921 plura
843 2884 868 2919 ,
910 2835 1296 2919 caeteroquin
1334 2836 1580 2905 nebulis·
1610 2838 1877 2907 invoiuta
1906 2884 1931 2919 ,
1966 2838 2247 2920 explicari
2280 2838 2545 2921 possint.

736 2964 926 3052 Quo‘d
968 2964 1023 3035 si
1067 2966 1189 3050 jam
1236 2965 1612 3033 attendamus
1665 2966 1742 3031 ad
1787 2984 1896 3045 ea,
1945 2984 2100 3048 quae
2151 2984 2185 3030 e
2208 2966 2355 3049 Jure
2389 2964 2546 3031 Ger·

652 3110 965 3161 manorum
1019 3093 1096 3158 ad
1147 3091 1415 3159 Mortem
1452 3090 1711 3159 Civilem
1759 3091 2060 3175 pertinere
2089 3091 2368 3158 videntur
2385 3139 2408 3173 ,
2439 3108 2545 3158 aut

526 3296 529 3303 ,
648 3220 860 3287 saltem
920 3220 1133 3287 deinde
1182 3240 1219 3286 a
1268 3218 1435 3305 Juris
1478 3218 1906 3303 interpretibus
1941 3220 2063 3286 huc
2097 3217 2547 3305 perductafue·

651 3359 798 3414 runt
816 3392 840 3427 ,
883 3346 1215 3430 principem
1258 3364 1403 3413 sane
1418 3392 1442 3427 ‚
1474 3364 1553 3413 ne
1581 3347 1825 3414 unicum
1863 3346 2129 3414 dicamus
2150 3392 2175 3427 ‚
2210 3347 2408 3412 locum
2440 3344 2536 3411 hic

648 3482 813 3537 tenet
842 3472 1132 3541 Bormum
1166 3472 1508 3562 Imperiale
1534 3476 1609 3541 de
1643 3476 1819 3561 cuius
1858 3472 2091 3561 origine
2109 3494 2180 3543 ac
2211 3490 2536 3557 progressu

560 3636 567 3644 -
644 3598 765 3663 hoc
808 3598 1001 3680 capite
1038 3598 1152 3666 erit
1190 3601 1510 3683 agendum.

550 3750 557 3757 ·
656 3750 663 3760 ¹
733 3724 999 3791 Constat
1014 3745 1049 3793 e
1078 3740 1321 3792 rael-n
1346 3724 1592 3810 scriptis
1607 3770 1632 3809 ,
1659 3726 2002 3796 Germanos
2029 3726 2388 3812 paucissima
2418 3727 2538 3794 cri·

644 3848 809 3941 mina
860 3849 1097 3934 gravius
1144 3852 1483 3921 coercuisse
1501 3900 1524 3939 ,
1585 3872 1656 3947 ac
1701 3855 1941 3925 mulctis
1981 3856 2108 3927 fere
2137 3874 2336 3925 -omne
2367 3854 2558 3924 delic-

2409 3995 2540 4050 tum
