3000 4917
802 367 931 440 ις’
1625 363 1866 426 =

802 537 1202 634 ieeupnabit.
1304 541 1411 612 Sic
1427 587 1455 627 ,
1531 543 1706 614 verbi
1789 546 1976 630 gratia
1995 588 2026 629 ,
2121 545 2256 612 fieri
2345 557 2574 630 potest
2673 565 2762 618 ut

800 688 1059 764 propter
1100 674 1429 758 utriusque
1486 673 1710 758 populi
1777 673 2284 742 necessitudinem
2300 717 2329 756 ,
2383 679 2746 744 succedere
2889 758 2897 773 Ι

796 806 1051 890 pouit,
1108 805 1394 890 quamvis
1464 799 1636 868 Galli
1705 803 2124 870 conditionem
2204 803 2624 888 abjuraverit.

878 931 1131 1016 Duplex
1194 944 1290 998 est
1328 929 1513 1016 hujus
1576 930 2112 1000 demonstrationis
2133 974 2158 1012 ,
2197 947 2240 994 e
2301 933 2534 998 codice
2583 931 2732 1000 Na·

716 1129 727 1141 ,
790 1061 1159 1148 poleontico
1232 1057 1373 1144 ipso
1440 1055 1706 1144 petitae,
1757 1059 2197 1144 consequentia
2217 1103 2248 1140 ‚
2323 1077 2474 1126 cum
2539 1063 2716 1128 enim

796 1188 937 1276 jura
1010 1187 1216 1256 civilia
1286 1185 1443 1254 idem
1460 1227 1491 1268 ,
1565 1185 1746 1269 quod
1821 1199 1964 1252 ante
2041 1189 2554 1270 conversionem,
2641 1190 2710 1256 id

782 1327 935 1398 ⁸est,
1000 1313 1169 1397 leges
1222 1311 1495 1380 Gallicas
1547 1313 1899 1380 contineant
1914 1358 1941 1396 ‚
2021 1315 2302 1382 doctrina
2349 1319 2428 1382 de
2497 1331 2712 1383 morte

797 1441 971 1508 civili
1030 1457 1071 1506 e
1112 1439 1363 1508 Richeri
1428 1457 1620 1524 opere
1661 1442 1936 1509 desumta
1952 1486 1978 1524 ,
2037 1441 2193 1512 falae
2239 1446 2486 1512 omnino
2537 1446 2704 1512 dici·

796 1581 903 1634 tur
945 1567 1171 1651 jurium
1226 1565 1499 1634 civilium
1553 1567 1814 1652 privatio
1833 1613 1861 1651 ,
1909 1571 2166 1653 proinde
2229 1589 2343 1655 ea,
2399 1591 2555 1656 quae
2622 1575 2694 1640 in

796 1695 1115 1778 superiore
1154 1697 1532 1780 paragrapho
1575 1715 1612 1764 e
1651 1697 1846 1764 veteri
1889 1699 2026 1784 jure
2077 1699 2524 1782 disputavimus
2543 1747 2572 1782 ,
2619 1717 2688 1768 et

794 1823 903 1894 hie
946 1827 1172 1892 valent.
1258 1823 1546 1892 Secundo
1585 1843 1724 1892 cum
1767 1827 1902 1913 jura
1961 1829 2418 1910 peregrinorum
2465 1849 2502 1892 a
2549 1847 2695 1910 pac-

794 1953 880 2022 tis
932 1969 996 2022 et
1058 1953 1405 2022 foederibus
1466 1955 1740 2039 gentium
1791 1955 2038 2022 aliarum
2093 1973 2234 2020 cum
2301 1953 2504 2019 Gallis
2557 1954 2680 2019 ori-

790 2081 995 2164 ginem
1044 2083 1273 2150 ducant
1328 2101 1399 2148 ac
1446 2101 1628 2152 nemo
1651 2127 1676 2166 ,
1739 2083 1850 2166 qui
1907 2083 2186 2150 libertate
2249 2083 2502 2168 physica
2563 2081 2684 2146 uti-

778 2214 937 2290 ·tur‚
1008 2208 1277 2292 impediri
1340 2211 1544 2294 possit
1568 2254 1595 2291 ‚
1643 2211 1796 2292 quin
1865 2225 2028 2278 extra
2083 2211 2322 2278 Galliae
2389 2212 2681 2277 terminos

794 2336 1053 2422 patriam
1118 2353 1180 2405 et
1236 2337 1599 2422 praesidium
1643 2348 1932 2421 quaerat,
1991 2336 2166 2405 etiam
2186 2384 2213 2420 ,
2269 2342 2326 2406 si
2387 2359 2554 2406 mors
2600 2344 2683 2406 ci·

796 2467 940 2532 vilis
974 2483 1053 2533 eo
1100 2466 1466 2547 reducatur,
1529 2479 1604 2533 ut
1649 2466 1806 2534 nihil
1853 2481 2090 2552 praeter
2129 2467 2356 2555 jurium
2405 2468 2674 2535 civilium

788 2591 1019 2656 diserte
1094 2609 1582 2662 enumeratorum
1677 2596 2076 2678 privationem
2163 2596 2466 2682 significet
2547 2615 2672 2662 non

786 2725 1019 2780 tantum
1078 2715 1377 2782 humanae
1438 2731 1689 2784 naturae
1709 2762 1736 2800 ,
1801 2721 1912 2788 sed
1953 2722 2196 2808 legibus
2241 2724 2420 2790 etiam
2463 2743 2674 2809 repug-

786 2855 916 2910 nat.
1002 2841 1073 2910 ln
1125 2853 1422 2924 quantum
1474 2839 1708 2912 scilicet
1762 2845 1892 2913 sint
1943 2847 2200 2916 civiliter
2262 2855 2494 2920 mortui
2537 2853 2622 2920 ini
2640 2897 2667 2933 ,

790 2975 901 3058 qui
948 2971 1193 3040 liberam
1242 2971 1497 3058 vagandi
1571 2987 1941 3058 potestatem
2001 2979 2252 3046 habent·
2351 2980 2462 3048 Sic
2522 2999 2664 3048 con-

788 3115 1058 3172 tumaces
1126 3121 1196 3170 se
1242 3102 1321 3171 ad
1384 3119 1459 3170 ea
1541 3103 1677 3171 loca
1747 3117 2164 3189 convertunt,
2217 3128 2373 3194 quae
2441 3107 2666 3176 Galliae

782 3231 1025 3313 vicina,
1084 3233 1403 3298 maximam
1482 3249 1626 3298 eum
1707 3249 1776 3300 ea
1831 3232 2054 3300 habent
2122 3238 2664 3317 necessitudinem,

780 3381 853 3431 ac
921 3365 1101 3450 cujus
1168 3365 1406 3435 incolae
1456 3379 1776 3450 propterea
1840 3368 2102 3436 maximo
2167 3369 2377 3437 favore
2449 3370 2665 3436 ibidem

750 3469 1090 3558 'fruuntun
1176 3491 1296 3559 Hic
1334 3493 1459 3578 jam
1517 3491 1820 3561 civitatem
1871 3497 2224 3579 adipiscitur
2273 3515 2345 3563 ac
2394 3515 2538 3564 mox
2563 3515 2668 3579 per

774 3631 1229 3692 procuratorem
1300 3635 1500 3702 aperte
1563 3622 1696 3704 agit
1751 3636 1938 3706 atque
1989 3626 2146 3707 petit
2209 3641 2366 3706 quae
2415 3625 2666 3696 civiliter

745 3753 1021 3805 mortuo
1058 3745 1461 3828 denegantur.
1541 3747 1846 3836 Quamvis
1879 3751 2067 3835 igitur
2100 3753 2556 3819 matrimonium
2583 3754 2659 3817 sit

746 3863 1145 3934 'dissolutum
1165 3915 1190 3950 ,
1219 3877 1429 3953 quoad
1474 3873 1733 3944 effectus
1771 3881 2019 3962 civiles,
2079 3897 2230 3948 vana
2279 3894 2478 3950 tamen
2516 3883 2654 3960 mec

2604 4021 2663 4070 et

782 4881 853 4902 1³³³
880 4883 1700 4904 .*.-3.-.=er*-
1731 4901 1736 4903 .
1799 4897 1808 4903 -
