3000 4917
1329 408 1576 488 ΒΕ
2278 409 2408 505 ari

466 608 842 683 dissimulare
880 606 1341 693 cogebantnrac
1369 606 1553 690 quasi
1580 607 1920 683 doctrinam
1948 610 2029 680 de
2045 609 2385 697 deportatis

458 757 531 809 ac
564 758 721 826 aqua
759 752 823 807 et
860 736 991 825 igni
1020 732 1357 805 interdictis
1391 751 1523 807 non
1559 736 1779 805 melius
1801 756 1981 821 quam
2018 734 2387 815 saeculi'des

460 864 607 939 cimi
641 865 804 933 tertii
827 863 869 949 J
873 864 978 933 Cti
1010 863 1449 947 intelligerent,
1493 863 1761 948 speeiem
1796 860 2149 948 praebuere.
2231 868 2383 939 Plu⁴

457 994 609 1063 rima
636 994 824 1077 hujns
850 993 936 1056 rei
963 992 1295 1074 specimina
1322 990 1574 1075 praebet
1598 989 1901 1070 nicaen,
1934 993 2044 1075 qui
2072 1012 2214 1063 cum
2236 998 2375 1073 uni·

464 1137 713 1189 versum
766 1134 1035 1204 systema
1077 1135 1409 1204 exponeret
1458 1120 1948 1204 saepississime,⁴
1997 1133 2070 1189 ut
2103 1116 2371 1203 apertam‘

466 1248 859 1317 submoveret
890 1250 1347 1333 repugnantiam
1369 1289 1396 1326 ‚
1447 1247 1734 1331 ambigua
1781 1248 2172 1335 expressione
2213 1260 2375 1317 usus·

466 1388 589 1443 est.
672 1374 826 1447 Non
880 1377 1068 1465 igitur
1120 1380 1371 1445 necesse
1431 1388 1573 1459 est,
1643 1393 1752 1447 eos
1815 1376 1882 1445 in·
1931 1378 2145 1451 multis
2206 1382 2381 1461 egr&

467 1501 583 1585 giis
648 1521 1049 1585 summosque
1111 1502 1278 1569 viros
1333 1500 1707 1586 ignorantiae
1765 1515 1875 1571 aut
1926 1504 2222 1573 stultitiae
2274 1524 2371 1579 ar·

473 1649 658 1713 guere
676 1676 704 1712 ‚
764 1648 907 1697 cum
962 1629 1244 1714 publicae
1300 1635 1497 1697 rerum
1560 1618 1905 1703 conditioni
1954 1650 2026 1698 ac
2086 1632 2383 1717 temporis

463 1757 585 1827 bus
644 1759 969 1829 cesserint.
1048 1756 1090 1842 J
1093 1757 1290 1829 udicis
1343 1764 1505 1825 enim
1554 1777 1627 1826 ac
1672 1757 1714 1843 J
1718 1757 2112 1831 urisconsulti
2154 1773 2252 1829 est
2293 1761 2387 1831 le-'

2468 1718 2487 1749 .
2515 1691 2527 1704 .

363 1886 368 1887 ἢ
464 1905 575 1972 ges
618 1887 924 1971 explicare
974 1906 1046 1953 ac
1100 1887 1253 1953 tueri
1281 1932 1308 1968 ,
1356 1904 1489 1957 non
1536 1903 1684 1953 vero
1733 1887 2052 1959 emendare
2105 1902 2215 1959 aut
2252 1888 2375 1963 tol-

461 2017 604 2083 lere.
692 2013 994 2101 Quamvis
1038 2015 1224 2098 igitur
1275 2014 1684 2099 prudentibus
1734 2003 2103 2097 Gallorum,
2162 2028 2235 2089 ut
2282 2012 2378 2085 itu'L

461 2142 706 2225 dicam,
786 2142 940 2213 vitio
971 2142 1151 2239 ⁸verti
1196 2157 1505 2224 nequeat,
1565 2160 1677 2209 eos
1720 2141 1826 2229 jus
1875 2142 2225 2215 Romanum
2278 2143 2387 2226 in:

459 2271 679 2356 genuis
729 2270 929 2355 patria
980 2269 1257 2343 moribus
1314 2288 1387 2339 ac
1437 2269 1712 2354 antiquis
1756 2269 2002 2356 legibus
2049 2268 2393 2341 conciliare'

457 2413 721 2472 conatos
789 2395 990 2469 fuisse
1055 2416 1129 2467 ac
1202 2411 1524 2482 propterea
1589 2396 1754 2467 forte
1824 2399 2019 2482 magis
2095 2398 2324 2469 laudari
2343 2418 2383 2480 ,·

454 2545 640 2611 quam
676 2527 1001 2610 vituperari
1052 2524 1311 2599 debeant
1330 2570 1357 2610 ‚
1405 2527 1659 2610 saepius
1690 2526 1863 2597 irrita
1900 2541 2104 2595 tamen
2129 2569 2156 2606 ‚
2207 2522 2380 2611 quae'

452 2654 778 2739 petebant,
812 2653 1065 2721 fuerunt
1082 2699 1110 2737 ,
1133 2672 1276 2722 nam
1312 2655 1369 2722 si
1406 2655 1628 2738 capitis
1663 2653 1925 2725 minutio
1943 2653 2367 2727 Romanorum

451 2782 514 2849 in
554 2784 768 2848 multis
804 2782 1075 2867 adaptari
1129 2793 1345 2865 posset
1363 2827 1390 2865 ‚
1448 2782 1664 2851 mortis
1723 2780 1900 2849 fictio
1948 2783 2093 2865 plus
2141 2784 2383 2867 postu:

451 2911 577 2975 lare
623 2909 974 2987 videbatur,
1037 2910 1095 2974 si
1134 2909 1474 2990 deportatis
1506 2910 1755 2977 similes
1802 2908 2172 2976 haberentur
2206 2909 2365 2976 civi·

458 3034 597 3100 liter
653 3029 876 3096 mortui
895 3074 919 3110 ‚
977 3027 1469 3096 forbannitorum
1533 3046 1735 3097 status
1785 3030 2118 3115 analogiam
2168 3033 2372 3099 dirue*-

454 3160 581 3227 brt.
671 3157 847 3244 Quae
899 3173 1043 3223 vero
1091 3174 1167 3223 ex
1209 3157 1367 3241 juris
1427 3157 1631 3222 civilis
1677 3155 2101 3223 Romanorum
2154 3153 2379 3226 indole'

451 3283 709 3352 dissolvi
750 3294 1071 3367 poterant,
1117 3281 1276 3371 juris
1338 3280 1616 3347 canonici
1670 3280 1736 3346 in
1795 3279 2057 3347 Gallicis
2118 3284 2374 3370 legibus·

465 3410 827 3483 auctoritate
864 3409 1314 3477 indissolubilia
1350 3407 1928 3492 pronuntiabantur.
1989 3408 2155 3477 Hinc
2192 3418 2379 3494 posti

455 3554 639 3623 quam
710 3535 908 3603 multo
972 3532 1181 3602 labore
1233 3535 1310 3600 de
1365 3533 1627 3619 singulis
1689 3531 1833 3601 fuse
1882 3534 2303 3619 disputassent
2328 3561 2367 3624 ,·

457 3683 672 3750 parum
706 3661 1146 3748 profecerunt,
1203 3672 1346 3729 cum
1396 3664 1560 3733 enim
1596 3663 1834 3731 nullum
1884 3678 2050 3730 esset
2087 3666 2374 3749 generale

457 3807 725 3878 systema
742 3840 769 3876 ‚
815 3809 945 3874 quo
990 3804 1363 3856 recurrerent
1396 3809 1470 3857 ac
1506 3790 1581 3858 ab
1625 3790 1807 3858 altera
1843 3806 2014 3875 parte
2064 3792 2166 3858 vix
2201 3795 2359 3860 duae

457 3939 683 3993 causae
734 3925 963 3993 similes
1014 3924 1388 4008 reperiantur
1408 3956 1447 4007 ,›
1490 3943 1619 4008 quo
1674 3925 1762 3993 rei
1801 3927 2104 4014 judicatae
2151 3921 2383 3994 aucto-⁴

2309 4050 2406 4118 ri?
