3000 4917
700 344 828 432 ⁸8⁸
1367 316 1781 384 '—

706 536 1006 609 cmonico
1041 534 1352 617 admissa,
1393 532 1945 619 permittebantur,
1970 548 2112 600 cum
2154 531 2339 617 igitur
2370 534 2436 602 in
2467 534 2634 606 foro

703 667 916 735 eodem
967 665 993 749 j
1002 682 1104 730 ure
1121 709 1146 744 ‚
1216 682 1350 747 quo
1430 661 1892 731 Catholicorum
1955 663 2339 731 matrimonia
2386 666 2631 748 gnude-

698 806 806 865 ant
861 791 1031 889 ‚nihil
1087 791 1306 860 suadet
1374 792 1639 857 ratiotm
1708 791 1877 872 dari,
1925 788 2149 872 quibus
2236 791 2293 855 si
2363 792 2620 859 illorum

699 921 1086 989 matrimonia
1156 934 1355 988 morte
1437 918 1606 985 civili
1686 935 1816 986 non
1902 919 2325 985 dissolvantur
2410 920 2631 986 Calvi-

702 1050 941 1132 nieme,
992 1070 1064 1118 ae
1100 1047 1144 1132 J
1148 1049 1318 1117 udaei
1364 1048 1664 1114 deteriore
1711 1047 1779 1111 in
1840 1063 1908 1147 ea
1965 1063 2030 1110 re
2080 1044 2432 1114 conditione
2479 1064 2627 1113 ute-

703 1192 946 1248 lentur.

791 1304 1006 1372 Verbo
1023 1347 1051 1386 ‚
1100 1301 1406 1386 quidquid
1452 1301 1557 1368 ,de
1622 1315 1819 1368 morte
1881 1301 2049 1366 civili
2108 1314 2388 1385 respectu
2456 1320 2626 1386 nup·

705 1430 928 1499 narum
986 1444 1129 1497 ante
1209 1448 1409 1496 rerum
1482 1431 1947 1497 conversionem
2015 1428 2080 1495 in
2148 1427 2348 1495 Gallia
2411 1447 2626 1514 recep·

713 1575 852 1629 mm
875 1602 903 1640 ‚
973 1560 1153 1640 plane
1218 1556 1536 1641 systemati
1621 1557 1777 1640 juris
1864 1556 2093 1623 Gallici
2178 1570 2469 1640 repugnat
2544 1578 2669 1624 ac·

712 1687 881 1755 nulla
932 1683 1038 1750 hic
1087 1696 1183 1749 est
1231 1684 1388 1749 ratio
1438 1684 1609 1749 nulla
1663 1696 1826 1748 certa
1871 1682 2193 1763 doctrina,
2230 1686 2354 1751 nisi
2403 1687 2620 1751 admit·

713 1827 961 1894 tamus,
1013 1812 1295 1898 quamvis
1351 1811 1516 1876 haud
1558 1811 1667 1876 uni
1715 1810 1933 1875 mirum
1990 1812 2305 1893 videatur,
2357 1814 2622 1879 civiliter

714 1954 1026 2008 mortuum
1096 1957 1227 2007 non
1291 1938 1592 2004 Gallicam
1662 1937 1966 2003 civitatem
2038 1955 2168 2003 non
2214 1940 2352 2022 jura
2411 1940 2619 2006 civilia

714 2056 1038 2136 Gallorum
1088 2067 1392 2148 amittere,
1425 2070 1538 2133 sed
1582 2069 1831 2134 civitate
1892 2065 2174 2135 Romana
2220 2085 2290 2131 ac
2343 2068 2482 2152 jure
2530 2071 2618 2135 ci·

715 2194 826 2264 vili
874 2194 1294 2263 Romanorum
1366 2196 1615 2280 privari.

808 2327 1101 2395 Similiter
1167 2329 1234 2396 in
1301 2328 1682 2394 testamentis
1749 2343 1820 2392 ac
1890 2323 2248 2391 haereditate
2326 2323 2587 2406 aliisque
2606 2367 2636 2406 ‚

723 2472 879 2537 quae
928 2452 1051 2523 huc
1123 2431 1454 2537 pertinent.
1541 2454 1774 2520 Eadem
1826 2450 1913 2518 ibi
1984 2450 2201 2535 agendi
2257 2452 2409 2518 ratio
2475 2472 2627 2520 con-

720 2582 1025 2663 spicitur,
1081 2582 1311 2665 quippe
1377 2581 1607 2648 etiamsi
1689 2577 1852 2646 forte
1916 2577 2166 2645 fortuna
2232 2594 2401 2646 mors
2471 2582 2631 2647 civi-

721 2711 802 2777 lis
878 2725 1015 2774 curn
1099 2722 1266 2775 statu
1339 2711 1795 2790 deportatorum
1875 2708 2201 2774 conveniat
2219 2751 2247 2789 ‚
2320 2710 2632 2791 ‚quoniam

724 2836 1104 2916 forbanniti,
1147 2852 1261 2899 nec
1308 2832 1731 2907 haereditatem
1785 2833 1923 2900 aliis
1973 2835 2311 2917 relinquere
2332 2878 2357 2915 ‚
2393 2853 2507 2901 nec
2547 2837 2631 2902 ab

730 2966 866 3035 aliis
933 2964 1205 3047 accipere
1272 2975 1557 3045 poterant
1631 2974 1693 3026 et
1764 2973 2061 3044 praeterea
2131 2974 2386 3043 propter
2452 2961 2641 3027 aube-

728 3095 973 3181 mgium
1029 3092 1337 3177 peregrini
1395 3091 1791 3159 successione
1843 3089 2115 3171 legitima
2188 3107 2275 3153 ac·
2316 3102 2642 3154 testamen-

730 3225 872 3290 taria
889 3268 918 3306 ,
963 3305 968 3310 .
1007 3234 1140 3288 tum
1223 3221 1407 3286 etiam
1484 3238 1522 3284 a
1592 3217 1940 3293 testamenti
2010 3213 2288 3285 factione
2362 3218 2652 3284 arceban-

731 3363 858 3418 tur.
945 3347 1112 3416 Hinc
1162 3349 1304 3413 licet
1357 3365 1483 3413 non
1539 3341 1792 3412 diffitear
1861 3345 2055 3410 multa
2128 3344 2206 3410 de
2260 3347 2646 3412 testamentis

736 3495 808 3543 ac
871 3475 1309 3556 successione,
1359 3474 1640 3557 inprimis
1707 3489 1743 3539 e
1794 3475 1931 3560 iure
1992 3490 2448 3558 JusTmmttEo
2474 3519 2499 3555 ‚
2553 3475 2640 3541 iis

730 3580 1112 3685 temperiem
1161 3602 1609 3668 accommodari
1662 3603 1932 3684 potuisse
1952 3644 1980 3683 ‚
2048 3618 2368 3668 erroneum
2433 3615 2643 3669 tamen

739 3742 900 3808 puto
919 3769 948 3806 ,
1019 3728 1358 3794 testamenti
1415 3723 1747 3795 factionem
1820 3748 1895 3795 ac
1957 3726 2377 3796 haereditatem
2451 3727 2653 3795 civiii·

738 3865 833 3918 ter
898 3854 1161 3920 mortuis
1216 3855 1508 3939 denegare
1527 3900 1553 3940 ,
1632 3857 1776 3938 quia
1849 3857 2151 3941 deportati
2226 3855 2658 3926 Romanorum

1698 3998 1703 4002 ·
2493 3987 2661 4048 hacc
