3000 4917
660 335 777 402 ψ
1476 324 1724 384 ==

636 511 1117 582 nildemonanat
1144 523 1381 593 praeter
1416 507 1617 590 exilii,
1651 509 1716 575 id
1751 522 1844 575 ert
1881 507 2307 594 relegationis,
2341 525 2560 578 utun.

638 641 841 708 Verba
894 636 1055 722 legis
1108 637 1255 704 haee
1314 651 1463 704 sunt
1476 681 1502 718 ‚
1585 681 1629 719 „
1667 636 1734 704 Si
1785 634 2164 725 quiscunque
2221 635 2408 704 homo
2459 636 2556 703 in·—

646 769 943 852 „jenuus
1004 785 1117 849 per
1178 784 1287 832 sua
1348 765 1528 848 culpa
1611 763 1678 830 in
1745 762 1924 830 exilio
1977 761 2202 831 misens
2263 761 2444 830 fuerit
2501 777 2566 829 et

648 939 689 975 „
730 892 785 962 si
854 892 1045 962 fllium
1110 891 1518 976 mancipatum
1599 891 1666 957 in
1733 893 1967 976 plmam
2027 904 2276 958 aetatem
2333 894 2410 958 ad
2450 891 2562 956 do:-

650 1065 692 1102 „
730 1039 896 1088 mum
940 1039 1113 1088 auam
1142 1019 1475 1102 dimiserit,
1521 1017 1694 1086 liceat
1731 1019 2048 1101 adipsum
2095 1017 2284 1086 filium
2319 1038 2418 1087 res
2449 1033 2560 1100 pn·-

658 1191 702 1232 „
736 1148 849 1216 tria
900 1147 999 1218 sui
1040 1147 1403 1233 gubernare.
1487 1147 1682 1235 Quod
1729 1145 1783 1212 si
1829 1145 2040 1214 exinde
2083 1146 2218 1228 ipse
2263 1145 2422 1214 filius
2454 1160 2560 1212 aut

654 1323 699 1359 ‚,
738 1295 847 1360 per
892 1289 1357 1358 testamentum,
1423 1289 1530 1344 aut
1593 1293 1704 1358 per
1777 1274 1890 1340 alia
1953 1289 2172 1340 cartam
2225 1293 2334 1358 per
2383 1273 2558 1356 quale

658 1449 707 1488 „
740 1423 981 1486 cunque
1046 1401 1455 1471 necessitatem
1527 1401 1750 1485 aliquid
1813 1401 2225 1486 expcndiderit
2283 1402 2360 1466 de
2422 1400 2551 1484 ipsa

667 1575 711 1614 ,,
749 1529 1091 1598 facultatem
1192 1531 1523 1598 secundum
1623 1531 1970 1597 sententiam
2085 1547 2356 1596 ramam
2387 1569 2395 1576 -
2441 1527 2558 1594 hoc

664 1703 707 1740 ,.
746 1673 913 1742 pater
976 1660 1029 1726 si
1104 1677 1383 1726 reversus
1453 1655 1640 1726 fuerit
1703 1655 2006 1740 requirere
2051 1655 2106 1721 ei
2157 1673 2284 1722 non
2327 1671 2556 1739 potest.

668 1833 711 1871 „
748 1786 907 1854 Nam
976 1785 1121 1852 alias
1172 1805 1313 1853 suas
1363 1805 1459 1852 res
1478 1832 1503 1867 ,
1565 1784 1619 1852 ai
1665 1801 1944 1853 reversus
1985 1781 2170 1852 fucrit
2221 1783 2284 1850 in
2331 1783 2568 1868 integro

570 1941 587 1956 ·
672 1963 715 2000 „
754 1916 1019 1999 recipiat.
1104 1915 1263 1981 Nam
1312 1915 1483 1995 quod
1514 1916 1565 1980 si
1595 1913 1882 1997 parvulos
1936 1909 2194 1978 infantes
2215 1957 2238 1993 ‚
2281 1911 2386 1994 qui
2417 1911 2566 1978 infin

670 2087 713 2125 „
752 2044 923 2109 annis
962 2055 1108 2107 sunt
1128 2087 1151 2120 ‚
1184 2041 1259 2106 ad
1294 2041 1540 2106 domum
1587 2038 1876 2106 dimiserit
1915 2038 2328 2122 (reliquerit)
2381 2047 2570 2120 quanss

674 2212 715 2248 ,.
756 2169 837 2236 do
884 2168 945 2232 in
992 2165 1171 2234 exilio
1205 2167 1427 2235 missus
1472 2165 1633 2246 fuit,
1685 2187 1739 2234 si
1773 2181 1984 2249 postea
2031 2165 2557 2233 exindereversus

676 2343 719 2380 „
754 2295 937 2364 fixerit
996 2295 1197 2362 omnia
1252 2295 1591 2362 facultatem
1637 2313 1806 2362 sunm
1853 2295 1932 2360 ab
1977 2294 2368 2378 integritatem
2419 2294 2574 2360 reci-

674 2470 715 2505 „
755 2424 902 2507 piat.
995 2425 1075 2489 Et
1118 2425 1285 2506 quod
1330 2423 1383 2488 si
1416 2423 1532 2506 ipsi
1569 2422 1668 2488 mii
1704 2421 1976 2505 parvuli,
2015 2421 2376 2504 cuicumque
2407 2439 2574 2488 exin-

678 2561 719 2630 ‚·.
760 2551 835 2614 de
906 2549 1131 2630 aliquid
1178 2551 1402 2616 dederit
1422 2595 1447 2626 ‚
1513 2549 1646 2631 ipse
1712 2565 1881 2631 parer
1933 2547 2138 2616 omnia
2181 2548 2246 2614 in
2291 2567 2408 2616 suo
2463 2549 2572 2614 do-

676 2703 719 2756 ,·,
757 2674 941 2740 minio
1008 2691 1319 2742 revocetur
1348 2676 1391 2706 ’⁹
1488 2675 1662 2762 Quae
1709 2675 1763 2742 si
1811 2677 2198 2744 conferantur
2251 2695 2390 2744 cum
2439 2678 2575 2745 vul·

674 2803 797 2890 gari
842 2803 1148 2887 interpret.
1198 2801 1357 2870 Cod.
1408 2802 1636 2869 Theod.
1699 2803 1858 2870 unde
1915 2805 2186 2872 desumta
2235 2820 2332 2872 est
2383 2805 2419 2883 (
2425 2824 2451 2872 1
2464 2813 2568 2886 ι),

674 2932 913 3002 videtur
978 2931 1214 3016 quidem
1240 2933 1410 2999 'illud
1460 2933 1702 3000 exilium
1741 2931 1818 2999 ab
1874 2932 2047 3002 initio
2101 2933 2572 3016 deportationem

620 3093 633 3108 ·
680 3061 1097 3148 significasse3
1146 3075 1207 3127 at
1260 3080 1403 3128 cum
1452 3060 1530 3128 ad
1567 3059 1796 3146 Legem
1847 3059 2183 3129 Romanam
2202 3060 2570 3142 ‚Utinenaem

683 3187 1147 3258 transferrentur
1172 3189 1372 3256 omnia
1393 3236 1416 3270 ,
1456 3205 1610 3272 quac
1641 3188 1718 3255 ad
1745 3189 1958 3274 capitis
1973 3187 2424 3256 diminutionem
2444 3209 2572 3272 per·

685 3315 951 3382 tinebant
964 3363 991 3399 ‚
1036 3315 1325 3384 excidisse
1374 3333 1501 3382 non
1537 3329 1769 3384 tantum
1787 3359 1815 3400 ‚
1861 3316 1970 3384 sed
2019 3317 2471 3398 compilatorem
2503 3335 2578 3383 ne

691 3443 1077 3514 Constantini
1114 3444 1468 3530 rescriptum
1507 3442 1747 3526 quidem
1779 3441 2160 3511 intellexisse.
2243 3441 2393 3532 Agit
2425 3442 2581 3509 enim

2513 3569 2594 3640 de

794 3759 819 3810 t
839 3751 945 3822 ιι)
988 3757 1111 3809 vid.
1161 3757 1230 3811 L.
1284 3769 1331 3809 t.
1378 3759 1503 3811 cod.
1563 3755 1755 3814 rhod.
1808 3755 1870 3804 le
1919 3757 2245 3807 sententian
2297 3757 2479 3821 passis
2525 3761 2579 3804 ee

704 3835 1006 3890 rastitatis.
