3000 4917
1290 368 1538 433 ...ff-⁶..-
2250 379 2378 448 229

466 558 599 622 rum
619 588 626 595 ·
644 555 844 625 dicam
899 555 1122 626 horum
1174 563 1400 618 statum
1451 562 1563 616 aut
1579 590 1608 632 ,
1662 549 1719 619 si
1766 547 2017 621 barbara
2075 569 2240 645 voce
2267 554 2364 624 uti

446 683 592 750 licet
610 728 637 766 ,
663 718 670 725 ·
693 684 1184 750 monachismum.

481 809 893 894 ⁵-sequuntur
940 810 1088 896 jam·
1118 805 1249 888 illi,
1300 804 1417 890 qui
1462 819 1717 892 propter
1752 806 1981 876 crimen
2033 822 2231 878 morte
2261 808 2350 878 ci-

454 935 569 1005 vili
624 938 1015 1021 plectunturx
1087 935 1199 1002 sed
1247 934 1567 1018 quomodo
1616 932 1899 1003 definiam
1947 935 2299 1004 institutum
2318 983 2349 1019 ,

453 1065 628 1148 quod
668 1081 881 1132 nemo
932 1064 1259 1146 hucusque
1310 1061 1445 1128 sine
1473 1114 1479 1121 .
1510 1062 1945 1139 controversiis
2001 1081 2074 1129 ac
2132 1066 2353 1131 errori-

452 1190 572 1258 bus
647 1190 899 1258 definire
969 1207 1228 1257 conatus
1298 1187 1452 1256 est?
1535 1188 1666 1253 Imo
1728 1188 1900 1271 quod
1963 1188 2299 1257 mirandum
2323 1235 2354 1271 ‚

361 1366 370 1371 -
432 1286 595 1384 ¹cum
645 1319 929 1403 egregios
994 1319 1073 1385 de
1124 1333 1193 1381 re
1244 1317 1378 1399 ipsa
1431 1317 1788 1400 scripserint
1838 1319 2352 1401 commentarios,

454 1446 771 1527 variasque
843 1445 1234 1512 tribunalium
1299 1443 1645 1510 decisiones
1719 1457 1862 1511 ante
1943 1448 2166 1513 oculos
2249 1446 2360 1514 ha-

451 1571 696 1638 buerint
718 1615 746 1653 ,
787 1572 1036 1638 simulac
1086 1571 1162 1637 de
1199 1571 1447 1639 nomine
1498 1574 1741 1655 agitur,
1803 1571 2012 1640 deficit
2059 1573 2355 1656 sapientia

451 1717 522 1764 ac
576 1700 904 1766 novissimi
949 1701 1303 1780 interpretes
1359 1712 1813 1785 antecessorum
1867 1701 2056 1765 vitant
2106 1716 2350 1769 tantum

444 1843 719 1907 errores,
785 1840 856 1891 ut
925 1843 1121 1892 novae
1175 1824 1252 1891 ab
1307 1827 1457 1906 ipsis
1501 1802 1842 1927 ponantur.
1942 1826 2214 1894 Possunt
2262 1842 2354 1894 ta·
2417 1869 2432 1882 ·

446 1970 586 2019 men
640 1972 854 2019 omnes
893 1954 1008 2019 hae
1059 1951 1445 2018 definitiones
1486 1955 1565 2019 ad
1604 1955 1757 2018 duas
1809 1951 2021 2020 referri
2070 1955 2348 2035 classes,

438 2096 694 2162 quarum
768 2082 919 2147 vitia
991 2099 1120 2147 non
1195 2081 1315 2146 alte
1372 2081 1603 2159 latent,
1680 2080 1794 2147 sed
1846 2081 2026 2148 facile
2082 2082 2355 2148 animad-

434 2209 597 2272 verti
656 2219 945 2289 possunt.
1030 2208 1273 2288 Nempe
1325 2221 1647 2285 auctores,
1710 2207 1819 2289 qui
1878 2220 2139 2275 mortem
2192 2208 2347 2276 civi-

436 2332 555 2398 lem
596 2350 730 2399 esse
766 2332 1075 2433 fictionem
1130 2332 1347 2400 mortis
1397 2334 1691 2405 naturalis
1743 2335 2167 2416 contendunt,
2220 2336 2349 2402 dis·

438 2460 729 2528 simulare
788 2474 1098 2543 nequeunt
1150 2475 1423 2543 systema
1470 2477 1652 2526 suum
1699 2460 1822 2546 juri
1870 2463 2213 2530 constituto
2257 2482 2351 2531 re·

433 2605 731 2672 pugnare.
815 2588 978 2658 Nam
1028 2603 1309 2655 mortuus
1359 2605 1489 2653 non
1537 2588 1730 2668 emit,
1794 2604 1901 2655 aut
1945 2572 2199 2670 vendit,
2258 2592 2354 2657 lo·

441 2728 583 2795 cat,
638 2716 975 2796 conducit,
1046 2716 1411 2784 donationes
1461 2715 1687 2798 accipit
1714 2715 1774 2793 ,(
1795 2734 1877 2798 59
1895 2715 1952 2796 ).
2042 2717 2212 2786 Haec
2261 2719 2354 2783 ci·

438 2841 645 2907 viliter
695 2842 955 2907 mortuis
1018 2845 1499 2925 permittuntur,
1558 2861 1708 2926 ergo
1760 2862 1886 2910 non
1937 2862 2014 2910 eo
2064 2845 2354 2926 redigun-

443 2981 592 3048 tur,
645 2968 818 3048 quasi
870 2985 1071 3034 revera
1119 2971 1279 3034 inter
1323 2969 1505 3035 vivos
1555 2986 1691 3035 esse
1740 2970 2090 3038 desiissent.
2175 2971 2347 3038 Alte·

438 3112 505 3160 ra
571 3091 784 3174 opinio
850 3094 928 3158 ab
982 3094 1164 3159 altera
1225 3109 1401 3176 parte
1468 3096 1815 3176 claudicat,
1894 3096 2125 3178 quippe
2160 3097 2341 3163 ,illius

434 3217 709 3286 fautores
760 3233 1014 3286 mortem
1066 3221 1305 3287 civilem
1352 3239 1485 3286 non
1534 3222 1722 3302 quasi
1772 3221 1989 3287 mortis
2047 3224 2341 3290 naturalis

436 3347 694 3430 effigiem
746 3345 1076 3413 habendam
1136 3365 1267 3413 esse
1291 3393 1315 3425 ,
1389 3349 1502 3413 sed
1555 3351 1945 3416 solummodo
1999 3349 2344 3433 significare

438 3489 695 3547 mortem
754 3488 1035 3557 respectu
1084 3475 1342 3544 civitatis
1362 3520 1389 3559 ,
1446 3475 1512 3542 id
1569 3491 1665 3544 est
1684 3523 1709 3558 ,
1772 3446 2183 3561 „privationem
2237 3481 2340 3565 ju·

427 3600 434 3607 ’
2183 3609 2337 3677 rium

463 3752 470 3761 ’
526 3792 682 3862 (59)
749 3756 975 3846 thnaa
1036 3797 1156 3851 Lib.
1224 3798 1324 3860 m.-
1386 3809 1444 3865 p.
1493 3813 1613 3861 203.
1663 3814 1807 3865 seqq.
1854 3812 2061 3854 mantin
2104 3802 2157 3854 in
2199 3814 2332 3858 voce

431 3880 580 3937 More
630 3880 810 3934 civite.
868 3883 1130 3949 supplem.

1324 3985 1505 4077 Ff3
