3000 4917
635 418 760 500 248
1482 420 1731 485 ...·““““““.-...

664 607 809 676 ritas
877 590 1232 689 saepissime
1284 586 1490 673 novus
1552 606 1931 687 querelarum
2003 616 2187 689 atque
2244 592 2572 676 actionutn

660 735 810 805 fons
833 772 859 815 ,
898 724 1159 798 simulac
1216 749 1382 800 nova
1426 734 1711 816 quaestio
1760 734 2080 801 orireretur
2095 779 2122 817 ‚
2183 739 2400 805 eadem
2452 740 2574 805 du-

663 860 812 941 bin,
865 856 1108 925 eaedem
1169 859 1599 944 difficultates,
1676 880 1833 945 quae
1890 880 2035 930 cum
2087 866 2382 949 opinione
2436 887 2575 935 ma·

661 989 799 1074 gis,
839 1005 1027 1071 quam
1069 989 1345 1056 doctrina
1373 988 1652 1073 judicum
1680 989 2103 1069 solverentur,
2147 990 2432 1073 proximo
2464 1011 2573 1058 ca-

654 1135 736 1183 su
799 1134 913 1183 sua
972 1128 1185 1183 natura
1232 1115 1378 1183 alias
1428 1113 1778 1182 excitabant
1832 1115 1975 1179 lites
2038 1115 2169 1199 (61
2186 1117 2254 1198 >-
2356 1116 2564 1183 Verbo

660 1244 718 1310 si
769 1242 1011 1312 Galliae
1050 1246 1216 1328 leges
1271 1242 1488 1310 mortis
1528 1240 1731 1309 civilis
1784 1255 2071 1324 oespectu
2117 1257 2253 1309 ante
2309 1260 2574 1309 conver-

657 1370 895 1436 sionem
964 1367 1404 1452 investigemus
1425 1411 1453 1450 ,
1534 1367 1687 1433 satis
1755 1366 1956 1431 mirari
2024 1376 2269 1450 oportet
2324 1370 2570 1436 tamdiu

659 1495 936 1580 viguisse
998 1493 1355 1561 institutum
1379 1537 1406 1574 ,
1483 1494 1660 1578 quod
1722 1494 1778 1559 si
1851 1494 2092 1576 quidem
2160 1495 2466 1566 maleficos
2524 1519 2570 1564 ι

657 1625 949 1709 conjugio
998 1623 1355 1708 liberosque
1402 1643 1474 1691 ac
1507 1620 1886 1706 aliquatenus
1917 1640 1995 1688 ex
2032 1623 2352 1690 hominum
2394 1642 2576 1690 com-

653 1754 886 1821 mercio
935 1753 1249 1822 divelleret
1266 1799 1293 1836 ‚
1332 1772 1403 1820 ea
1435 1767 1637 1820 tamen
1663 1753 1874 1820 indole
1899 1751 2233 1835 praeditum
2256 1794 2283 1832 ‚
2338 1766 2410 1817 ut
2448 1770 2569 1835 pto

660 1882 861 1950 salute
907 1882 1278 1967 reipublicae
1335 1880 1539 1949 affines
1599 1898 1670 1945 ac
1733 1879 1979 1962 cognati
2030 1880 2187 1944 inter
2244 1897 2316 1945 se
2354 1894 2571 1947 ,certa-

656 2025 843 2092 rent,
907 2029 991 2078 ne
1038 2012 1188 2094 quid
1233 2012 1394 2094 iuris
1448 2010 1568 2087 sui,
1602 2007 1879 2075 omittere
1926 2008 2294 2074 viderentur.
2382 2007 2566 2074 Nihil

652 2138 847 2222 igitur
910 2153 1145 2219 praeter
1212 2136 1592 2220 antiquitatis
1652 2130 2236 2201 venerationem‘ac
2292 2139 2565 2202 novandi

653 2264 867 2332 odium
902 2259 1144 2329 Galliae
1184 2240 1615 2344 iinpenntibus
1653 2262 1905 2330 suadere
1941 2261 2194 2344 potuit,
2248 2275 2322 2327 ut
2355 2282 2568 2330 serva·

652 2407 789 2460 rent
819 2409 890 2460 αι
938 2407 1139 2475 quae,
1196 2391 1253 2458 si
1303 2392 1525 2458 claram
1573 2405 1709 2455 esse
1748 2406 1820 2456 ac
1858 2385 2255 2471 ambiguitate
2288 2408 2547 2458 vacuam

644 2520 853 2601 legum
904 2536 1124 2585 vocem
1146 2561 1173 2599 ‚
1216 2521 1368 2602 quid
1405 2520 1643 2601 valeat,
1688 2518 1884 2601 magis
1923 2534 2144 2586 nocere
2182 2535 2358 2599 quam
2399 2536 2555 2598 pro-

644 2643 824 2709 desse
872 2642 1243 2710 debuerunt.

712 2896 865 2964 (σι)
924 2894 1222 2962 speciminis
1280 2896 1400 2949 loco
1456 2899 1526 2951 sit
1588 2900 1764 2967 crebra
1822 2900 1998 2954 mortis
2040 2900 2205 2955 civilis
2248 2900 2434 2954 mentio
2478 2902 2535 2954 in

656 3000 814 3051 opere
872 2984 1238 3048 celeberrimo,
1301 2981 1385 3034 cui
1432 2983 1610 3037 titulus
1656 2987 1977 3052 Repu-wire
2020 2987 2088 3036 de
2124 2988 2547 3054 lurisprudsnce

653 3071 747 3122 ubl
802 3071 865 3122 de
926 3080 1060 3121 statu
1107 3067 1454 3147 migrantium
1498 3069 1683 3136 agitur.
1751 3073 1867 3121 Non
1908 3069 2131 3121 diffiteor
2173 3082 2380 3133 propter
2422 3085 2549 3133 con..

651 3150 825 3205 *tinuas
863 3151 1249 3218 proscriptiones
1289 3152 1505 3213 amplam
1554 3151 1702 3203 fuisse
1734 3151 1962 3204 cIviliter
1988 3163 2296 3204 mortuorum
2326 3155 2550 3218 copiam.

655 3239 735 3293 At
778 3240 1051 3290 tenendum
1097 3237 1149 3289 in
1192 3250 1345 3300 opere
1399 3236 1487 3287 illo
1534 3250 1637 3288 non
1682 3237 1747 3286 de
1777 3236 1933 3300 facti,
1974 3238 2069 3289 sed
2110 3238 2174 3288 de
2214 3238 2340 3300 juris
2366 3253 2553 3301 quaes·

664 3320 888 3373 tionibus
942 3332 1221 3372 sermonem
1279 3332 1409 3372 esse.
1488 3319 1630 3370 Haec
1688 3332 1814 3371 vero
1868 3333 1934 3372 ex
1986 3320 2143 3372 dubio
2187 3321 2357 3385 legum
2403 3336 2558 3374 sensu

658 3406 922 3468 oriuntur,
952 3418 1047 3457 nec
1078 3403 1347 3466 quidquam
1367 3404 1467 3455 huc
1489 3402 1610 3454 facit
1642 3414 1843 3455 actuum
1871 3403 2173 3467 &equ-antia.
2240 3404 2444 3469 Quippe
2459 3406 2556 3459 nisi

660 3488 763 3540 hoe
804 3489 972 3541 valeat
1013 3486 1163 3539 valde
1201 3487 1418 3552 dubito,
1466 3500 1530 3539 an
1577 3501 1799 3550 unquam
1838 3485 2031 3551 iudices
2071 3502 2279 3541 munere
2312 3486 2562 3541 vaeareut

657 3566 711 3618 in
755 3570 1037 3621 dirlmendis
1084 3571 1243 3623 causis
1289 3585 1353 3623 ex
1402 3571 1707 3624 haereditate
1747 3571 2004 3635 oriundis,
2053 3587 2204 3625 nemo
2268 3572 2400 3623 enim
2447 3574 2554 3623 feoe

649 3662 777 3717 est,
824 3656 946 3716 quin
990 3654 1181 3720 aliquid
1223 3656 1407 3710 habeat
1444 3655 1738 3723 propinquis
1780 3657 1871 3711 vel
1899 3655 2071 3709 amicis
2111 3655 2525 3721 relinquendum.
