3000 4917
1264 431 1512 489 ae
2233 445 2351 512 ¹47

402 599 760 678 -veniebant
797 597 1155 696 plerumque
1194 628 1415 695 magna
1458 609 1732 683 comitati
1771 613 2140 684 vasallorum
2175 617 2329 688 Ger·

402 757 739 806 manorum
799 736 1018 821 turba,
1054 740 1165 823 qui
1210 739 1489 822 corporis
1549 753 1780 810 statura
1847 756 1911 809 et
1972 740 2332 815 fortitudine

407 865 730 950 insignes,
790 885 859 932 ac
892 856 1059 934 nulla
1106 867 1261 937 moti
1286 853 1496 934 'causa
1524 909 1553 949 ,
1589 887 1714 951 qua
1767 887 1836 938 se
1869 871 2158 940 adversus
2201 874 2320 942 Im-

406 1011 751 1080 peratorem
820 995 987 1061 Italis
1054 998 1427 1080 jungerent,
1487 995 1728 1082 egregie
1781 997 1983 1083 hujus=
2014 980 2328 1069 firmabant

404 1123 777 1207 potentiam.
878 1122 1051 1211 Quid
1110 1125 1333 1191 mirum
1398 1125 1588 1208 igitur
1653 1127 1712 1191 si
1783 1126 1850 1191 in
1908 1103 2324 1197 nconcionibus

412 1249 538 1318 illis
576 1251 779 1318 omnia
834 1271 949 1334 pro
1018 1251 1223 1319 lubitu
1287 1255 1547 1336 gesserit
1625 1272 1906 1322 summus
1964 1254 2274 1338 Imperans
2301 1303 2328 1338 ,

414 1400 491 1445 ac
566 1399 701 1446 raro
768 1381 833 1446 in
892 1379 1063 1446 Italia
1143 1359 1400 1446 rebelles
1478 1376 1709 1445 fuerint
1729 1427 1752 1461 ,
1811 1383 1919 1464 qui
1990 1401 2120 1450 non
2172 1383 2333 1452 Ger-

414 1517 606 1573 ‘mano
665 1507 1053 1575 vincerentur
1096 1491 1422 1576 exercitus
1474 1489 1711 1574 Verum
1773 1510 1839 1576 hi
1901 1508 2130 1578 feudali
2202 1513 2336 1596 lege

423 1635 507 1699 ad
570 1647 815 1717 tempus
864 1647 1103 1698 tantum
1138 1634 1458 1702 dominum
1493 1653 1678 1702 suum
1711 1639 2159 1719 sequebantur,
2192 1659 2337 1706 cum
2387 1633 2398 1646 “

422 1757 507 1825 iis
561 1778 666 1825 rex
719 1758 1129 1830 revertebatur
1152 1804 1179 1840 ,
1232 1780 1305 1827 ac
1378 1781 1523 1828 mox
1577 1765 1652 1828 ad
1720 1765 2050 1846 pristinum
2119 1780 2344 1832 statum

424 1887 811 1970 respublicae
860 1888 1178 1971 redibant,
1220 1907 1331 1955 nec
1387 1867 1724 1974 quidquam
1781 1896 2170 1972 mutabatur,
2223 1893 2343 1958 nisi

430 2017 603 2098 quod
647 2034 809 2082 nova
846 2014 1093 2082 dissidia
1134 1998 1438 2083 orirentur
1468 2020 1623 2084 inter
1671 2036 1778 2084 eos
1801 2063 1825 2100 ,
1869 2021 1980 2102 qui
2012 2021 2358 2104 privilegiis-

428 2143 767 2211 novissime
790 2143 1007 2210 muniti
1046 2145 1263 2211 horum
1296 2141 1542 2212 fructus
1578 2148 1887 2230 percipere
1912 2146 2350 2229 conabantur,

431 2287 495 2338 et
517 2273 673 2338 inter
693 2273 836 2339 illos
856 2273 1283 2358 ,quisuajura
1300 2273 2091 2341 hinclaeiiarbitrabantur.
2122 2275 2338 2382 Verbo

440 2419 656 2486 magna
720 2400 837 2466 hac
907 2415 1095 2466 aetate
1156 2381 1548 2484 Imperatoris
1613 2403 1880 2485 dignitas
1945 2421 2011 2467 ae
2078 2420 2354 2484 nomen,

430 2529 743 2597 arbitraria
788 2527 915 2595 fere
975 2543 1255 2634 potestas
1275 2575 1301 2611 ,
1350 2547 1528 2596 rarus
1583 2544 1786 2597 tamen
1857 2541 2042 2612 atque
2091 2533 2365 2614 exiguus

428 2658 757 2740 utriusque
804 2675 983 2723 usus.
1089 2656 1327 2740 Sponte
1384 2670 1588 2724 tamen
1655 2657 2053 2742 intelligitur,
2121 2659 2233 2726 ubi
2287 2661 2355 2762 iu

438 2787 668 2852 ltaliam
720 2785 1152 2852 descenderent
1192 2777 1552 2867 principes,
1598 2761 1966 2852 uberrimum
2001 2785 2126 2853 hoc
2163 2753 2372 2852 fuisse

445 2889 767 2976 criminum
834 2931 906 2976 ac
971 2913 1336 2979 delictorum
1396 2911 1634 2979 fontem
1713 2931 1790 2978 ex
1849 2913 2028 2976 bellis
2108 2909 2358 3007 privatis

442 3037 837 3104 oriundorum
859 3056 885 3118 3
908 3038 1261 3105 innumerae
1294 3039 1440 3102 hinc
1481 3039 1794 3118 querelae,
1811 3035 2104 3116 frequens
2138 3054 2173 3099 a
2192 3049 2372 3118 parte

450 3183 694 3232 reorum
737 3165 1169 3245 contumacia,
1218 3165 1327 3244 qui
1364 3161 1708 3228 facinorum
1765 3181 2020 3228 suorum
2081 3162 2361 3246 conscii,

450 3291 694 3358 vincere
720 3305 920 3357 tamen
970 3308 1101 3358 non
1145 3290 1548 3374 desperabant
1571 3336 1595 3371 ,
1636 3291 1689 3356 si
1752 3292 1958 3356 locum
2010 3293 2170 3358 tueri
2216 3311 2368 3374 pos-

456 3436 635 3500 sent,
698 3419 895 3485 donec
960 3417 1299 3502 Imperator
1339 3419 1415 3482 ad
1470 3415 1907 3500 Transalpinas
1951 3417 2234 3502 regiones
2279 3438 2371 3486 re·

454 3560 819 3614 verteretur.
920 3545 1052 3615 Nei
1110 3546 1275 3629 gitur
1352 3545 1602 3626 penitus
1675 3545 1928 3628 impune
1980 3548 2219 3630 rapinas
2290 3567 2364 3614 ac

458 3675 677 3742 caedes
712 3689 1051 3740 exercerent
1085 3675 1352 3739 latrones
1378 3716 1405 3753 ,
1448 3673 1539 3738 illi
1591 3673 1764 3738 nullo
1811 3674 2027 3740 melius
2081 3674 2380 3741 instituto*

456 3822 643 3885 quam
680 3801 1129 3886 proscriptione
1162 3801 1426 3867 coerceri
1466 3815 1792 3884 poterant,
1827 3815 2076 3884 propter
2121 3805 2372 3871 eandem
2455 3809 2461 3834 ²

446 3921 651 4014 'quam
730 3930 795 3996 in
863 3924 1161 4012 superiori
1234 3917 1429 4012 c‘apite
1505 3931 1762 4013 exposui
1841 3949 2085 3997 causam
2109 3976 2132 4012 ,
2209 3911 2429 4009 quod'

1434 4055 1497 4124 T
1541 4077 1586 4122 ι
2277 4052 2402 4118 sci·-
