3000 4917
1290 384 1592 432 ---‚
2241 349 2374 476 '1⁴6⁵'

424 572 639 643 simam
691 555 928 642 Galliae
983 569 1401 640 conditionem
1450 571 1856 659 investigare,
1911 571 2142 662 quippe
2193 563 2354 662 quae
2471 625 2476 630 ·

427 701 855 772 Romanorum
906 699 1190 770 victoriis·
1238 711 1424 784 atque
1463 697 1744 785 regimine
1778 721 2036 787 prorsus
2088 715 2349 775 mutata.

421 829 577 898 Non
630 829 793 896 enim
844 827 1007 894 sicut
1054 827 1345 896 Germani
1393 828 1606 898 crebra
1653 829 1988 900 rebellione
2036 849 2112 900 ac
2163 841 2349 900 natu·

421 956 532 1027 rali
595 953 913 1024 ferocitate
938 955 1161 1041 jugum
1194 955 1451 1043 dejicere
1488 957 1694 1025 conati
1726 955 2016 1040 fuerant,
2071 977 2286 1028 verum
2305 1003 2338 1044 ,

418 1085 708 1154 Italorum
775 1101 979 1152 mores
1044 1085 1309 1167 imitati,
1366 1084 1632 1153 victores
1699 1085 1766 1152 in
1819 1085 2066 1154 vivendi
2111 1097 2336 1172 genere

414 1213 873 1298 sequebantur3
947 1212 1229 1296 quamvis
1292 1213 1477 1282 hodie
1527 1213 1708 1281 etiam
1759 1212 1827 1281 in
1889 1213 2102 1282 multis
2145 1213 2332 1283 Fran·

416 1343 545 1410 eiae
598 1345 755 1412 locis
769 1387 797 1426 ‚
854 1342 1161 1410 Druidum
1236 1340 1497 1424 vestigia
1560 1339 1935 1423 reperiantur
1951 1385 1978 1422 ,
2037 1354 2220 1425 atque
2272 1339 2340 1410 in

413 1469 689 1538 dicteriis
734 1488 806 1538 ac
857 1467 1028 1538 feriis
1081 1483 1516 1538 conserventur
1540 1514 1567 1551 ,
1610 1483 1766 1552 quas
1813 1469 2167 1554 plebeculae
2210 1487 2344 1538 rne-

370 1657 375 1662 .
418 1599 611 1664 moria
671 1577 866 1681 magis
934 1611 1119 1680 quam
1173 1581 1450 1681 publicae
1498 1597 1877 1666 conditionis
1903 1597 2215 1683 reliquiae
2253 1595 2338 1668 ad

416 1725 730 1810 posterius
758 1737 975 1792 aevum
1001 1725 1348 1794 detulerunt
1387 1724 1431 1812 <
1448 1743 1483 1795 1
1511 1723 1578 1810 >0
1658 1723 1970 1796 Praeterea
2004 1725 2060 1794 si
2091 1725 2166 1794 ab
2191 1735 2332 1795 una

416 1865 595 1938 parte
638 1851 849 1938 negari
907 1866 1168 1936 nequeat
1187 1898 1214 1935 ,
1278 1849 1399 1920 sub
1451 1847 1888 1938 Merovingica
1934 1851 2168 1939 stirpe,
2223 1851 2334 1921 ad·

416 1977 542 2048 huc
563 1980 819 2066 vestigia
836 1979 1120 2065 antiquae
1137 1980 1455 2066 religionis
1481 1979 1760 2064 reperiri,
1779 1997 1963 2066 quam
1977 1979 2334 2051 Christiana

415 2108 572 2179 fides
612 2129 652 2179 e
682 2110 929 2179 latebris
978 2111 1317 2194 propellere
1361 2127 1491 2178 non
1528 2109 1738 2195 potuit
1771 2110 1868 2198 (a
1886 2109 1924 2196 )
1943 2154 1971 2193 ,
2027 2107 2108 2178 ab
2140 2111 2326 2179 alten!

412 2253 587 2322 parte
693 2253 897 2307 tamen
983 2237 1337 2321 fatendum,
1444 2239 1684 2323 imperii
1785 2255 1858 2306 ac
1956 2239 2329 2324 municipio-

412 2377 569 2433 rum·
600 2380 828 2434 statum
894 2367 1093 2434 multo
1160 2364 1405 2433 facilius
1472 2386 1508 2434 a
1579 2365 1851 2434 barbarie
1898 2365 1979 2435 ad
2049 2367 2320 2433 culturae

408 2494 659 2577 gradum
681 2541 706 2576 ‚
744 2494 1192 2578 qualiscunque
1210 2495 1311 2561 ille
1344 2493 1465 2561 sub
1486 2492 1858 2564 Caesaribus
1892 2492 2125 2577 fuerit,
2157 2486 2320 2561 traia-

406 2621 590 2689 siisse
613 2663 641 2703 ,
708 2623 891 2710 cujus
945 2621 1312 2690 differentiae
1368 2623 1519 2690 haee
1571 2623 1831 2707 simplex
1879 2622 2050 2691 reddi
2099 2633 2314 2708 potest
2412 2627 2424 2635 ’

406 2750 565 2818 ratio
584 2797 608 2833 ‚
626 2751 797 2834 quod
816 2753 1185 2836 proscriptae
1205 2750 1365 2819 circa
1390 2749 1738 2835 religionem
1771 2751 2097 2836 opiniones
2116 2795 2144 2834 ,
2175 2751 2312 2835 ple·

404 2892 663 2960 rumque
736 2877 803 2946 in
866 2893 1038 2946 antra
1056 2925 1081 2959 ,
1161 2877 1414 2963 paludes
1465 2891 1573 2946 aut
1627 2879 1762 2945 loca
1812 2880 2001 2962 vulgo
2055 2880 2309 2944 latentia

403 3017 473 3071 se
556 3005 890 3088 recipiant,
966 3008 1113 3073 dum
1166 3008 1335 3072 nulla
1382 3017 1484 3072 est
1531 2993 1995 3090 magistratuum
2042 3003 2309 3071 auctori-

400 3144 493 3222 tas
514 3176 539 3212 ,
598 3145 753 3213 quae
805 3150 933 3199 non
975 3137 1043 3198 in
1095 3133 1414 3217 publicum
1469 3132 1718 3215 prodire
1747 3131 1987 3197 debat.
2072 3129 2316 3196 Deinde

397 3260 784 3325 vexationum
819 3258 1190 3342 specimina,
1229 3254 1475 3325 nomina
1509 3257 1894 3340 praesidum,
1933 3255 2303 3340 Caesarum,

397 3386 584 3452 etiam
637 3384 791 3451 bella
864 3385 1152 3452 adversus
1198 3383 1546 3454 Germanos
1601 3395 1904 3452 testantur
1918 3429 1946 3468 ,
2000 3385 2120 3452 sub
2167 3383 2304 3452 Ro·-

2181 3523 2316 3582 mli<

498 3752 530 3814 (
548 3761 571 3802 ι
594 3748 628 3814 )
653 3747 713 3816 J.
746 3760 903 3802 meon·
920 3749 1166 3822 Histoire
1199 3750 1293 3801 des
1328 3746 1558 3802 Gaulois
1587 3747 1734 3802 Yon.-
1767 3746 1876 3802 111.-
1904 3757 1966 3814 ρ.
2001 3757 2116 3801 ru·
2147 3756 2302 3814 uqq«

500 3831 533 3896 (
552 3834 632 3896 2)
679 3835 901 3900 Procop.
947 3834 1092 3887 Bell.
1142 3819 1428 3887 euthonius
1474 3843 1535 3898 ρ.
1585 3845 1702 3898 333.
1744 3845 1894 3898 seqq.
1931 3831 2168 3896 (ἔπειτα
2187 3832 2304 3884 Τυ-

405 3927 522 3977 m,
570 3918 679 3985 Ep.
723 3903 815 3969 aa*
837 3908 1149 3973 Breucum.

1388 4005 1578 4107 X3'
