3000 4917
1260 363 1498 397 ...-
2245 371 2322 439 ,3

440 556 607 638 quod
651 571 840 621 meam
860 557 867 562 ’
887 551 1117 638 egregie
1173 548 1484 618 confirmat
1521 548 1868 617 sententiam
1928 560 2112 631 atque
2161 561 2326 615 extra

439 683 689 751 dubium
742 679 919 767 ponit
934 727 959 761 ,
1033 661 1230 746 medici
1287 696 1438 745 aevo
1478 678 1723 744 eosdem
1762 676 2098 745 inteneetos
2134 672 2328 744 fuisse

440 810 693 879 civiliter
742 821 804 875 et
846 807 1087 875 saeculo
1132 818 1438 874 mortuos·

528 937 767 1020 Nempe
831 933 1168 1004 Gulielmus
1226 932 1478 1001 Durand
1540 931 1726 1015 (8),
1788 931 1852 997 in
1902 930 2182 1015 Speculo
2209 946 2329 999 suo

444 1065 704 1150 judiciali
737 1061 893 1129 inter
931 1081 1140 1128 causas
1161 1107 1187 1143 ‚
1245 1058 1468 1143 quibus
1509 1057 1651 1142 quis
1692 1058 1894 1127 testari
1936 1058 2291 1142 prohibetur
2304 1099 2333 1139 ‚

454 1192 635 1258 refert
704 1189 1254 1257 condemnationem
1331 1188 1410 1254 ad
1470 1199 1725 1253 mortem
1783 1184 2038 1253 civilem.
2126 1188 2337 1267 Atque

454 1317 593 1384 hinc
613 1363 639 1397 ,
682 1332 884 1385 utrum
936 1313 1216 1384 bannitus
1258 1328 1510 1398 propter
1540 1312 1897 1381 criminalem
1941 1329 2179 1381 causam
2216 1324 2338 1378 tes·

454 1458 781 1513 tamentum
847 1443 1039 1510 facere
1103 1441 1304 1527 possit
1317 1486 1344 1523 ,
1405 1440 1694 1525 disputat.
1786 1440 1859 1507 In
1906 1438 2340 1508 consuetudine

453 1589 602 1638 vero
650 1567 997 1636 Bovesiensi
1041 1586 1078 1634 a
1131 1567 1291 1635 Phil.
1348 1568 1424 1634 de
1473 1566 1867 1635 Beaumanoir
1931 1568 2098 1633 Anu.
2160 1569 2338 1634 1286.

460 1693 805 1774 conscripta
834 1693 974 1776 (9),
1006 1694 1171 1775 lepra
1199 1694 1629 1760 contaminatos
1662 1712 1699 1758 a
1725 1691 2044 1758 hereditate
2071 1690 2346 1758 immobi-

404 1827 419 1839 ‘
465 1818 611 1885 lium
659 1819 844 1908 arceri
896 1817 1037 1885 dicit
1053 1864 1078 1900 ‚
1143 1818 1283 1900 quia
1323 1820 1562 1884 saeculo
1592 1830 1736 1885 sunt
1786 1817 2029 1885 mortui.
2114 1817 2351 1906 Lepro-

458 1965 563 2013 sos
633 1960 834 2012 autem
856 1992 882 2026 ‚
958 1960 1028 2011 ut
1093 1944 1173 2011 ita
1238 1944 1426 2010 dicam
1449 1991 1474 2024 ,
1550 1945 1758 2011 eodem
1801 1943 1991 2027 capite
2047 1960 2352 2027 comparat

451 2089 592 2140 cum
631 2070 889 2138 bannitis
906 2116 932 2152 ,
996 2069 1217 2153 spuriis
1289 2069 1621 2152 ceterisque
1637 2117 1662 2153 ‚
1722 2090 1881 2153 quos
1932 2085 2184 2138 mortem
2245 2091 2349 2140 su·

456 2197 641 2265 biisse
687 2196 920 2263 civilem
987 2195 1374 2278 caeteroquin
1428 2211 1690 2264 constat.
1774 2197 1956 2265 Unde
2007 2213 2171 2283 patet
2209 2219 2353 2268 auc-

459 2338 623 2393 tores
674 2323 810 2390 illos
829 2367 854 2403 ‚
902 2322 1009 2403 qui
1043 2323 1250 2387 eodem
1296 2322 1472 2404 plane
1503 2322 1778 2390 vixerunt
1824 2340 2094 2408 tempore
2115 2373 2139 2408 ‚
2192 2346 2353 2393 mor·

459 2468 578 2519 tem
633 2449 864 2517 civilem
916 2462 976 2515 et
1032 2447 1390 2518 saecularem
1446 2447 1790 2519 confudisse
1806 2499 1829 2533 ,
1885 2472 2009 2535 quo
2055 2453 2349 2538 probatur

2269 2603 2345 2650 eo

556 2807 674 2873 (8)
722 2806 884 2860 Guill.
930 2810 1137 2859 Durand
1185 2825 1212 2861 a
1263 2810 1472 2873 speculo
1532 2824 1625 2863 suo
1678 2813 1962 2873 speculator
2005 2813 2167 2865 dictus
2210 2812 2341 2865 cit-ca

464 2893 678 2942 medium
709 2892 865 2943 xm.
897 2893 1149 2944 saeculum
1165 2893 1312 2946 fuisse
1346 2906 1514 2945 natum
1537 2896 1946 2947 verosimile'est.
1977 2895 2165 2945 Saltem
2200 2897 2338 2949 Anu.

470 2973 608 3024 1286.
656 2974 920 3025 Rationale
951 2976 1230 3028 divinorum
1266 2979 1545 3029 officiorum
1592 2979 1834 3035 absolvit.
1876 2977 1997 3029 Fuit
2022 2975 2175 3041 igitur
2204 2977 2338 3032 Phil.

464 3053 527 3102 dc
576 3056 901 3105 Bcaumanoir
947 3059 1185 3121 aequalis-
1250 3059 1382 3110 Vide
1429 3062 1639 3120 Monet-y
1676 3059 1726 3109 in
1769 3073 1920 3112 voce.

563 3141 678 3197 (ο)
709 3139 1048 3198 „Undecimo
1098 3141 1388 3202 prohibetur
1417 3140 1585 3190 testari
1627 3142 1980 3191 condemnatus
2027 3143 2088 3193 ad
2132 3153 2341 3194 mortetn

465 3215 727 3281 „civilem
761 3219 845 3270 vel
887 3225 1153 3272 naturalem
1183 3223 1241 3275 ff.
1278 3227 1322 3279 1.
1358 3223 1475 3280 eius
1523 3224 1614 3282 qui
1644 3224 1692 3285 §.
1749 3236 1794 3273 1.
1832 3238 1995 3290 usque
2025 3227 2095 3275 ad
2120 3226 2272 3289 finem
2305 3229 2343 3282 1.

465 3315 582 3366 „et
626 3306 667 3355 l.
705 3306 751 3354 t’s
783 3306 868 3354 cm·
887 3338 906 3365 ,
948 3305 1037 3355 nisi
1070 3305 1273 3354 eandem
1320 3304 1510 3356 ratione
1542 3304 1866 3367 appellaverit
1890 3316 1941 3356 et
1971 3308 2012 3357 ἱ.
2048 3309 2140 3371 qui
2168 3322 2201 3358 a
2232 3309 2341 3361 Le·
2427 3353 2436 3362 .

462 3423 509 3452 ,‚
529 3388 778 3440 tionibus.
831 3388 967 3453 Quid
997 3389 1056 3437 de
1091 3386 1333 3438 bannito?
1380 3386 1480 3441 dic.
1517 3388 1652 3449 quod
1682 3387 1725 3437 si
1778 3387 2007 3440 bannitus
2034 3402 2111 3440 cst
2142 3404 2343 3453 propter

459 3472 687 3535 „levem
734 3486 967 3537 causam,
1002 3484 1122 3535 puta
1141 3471 1467 3536 pccumariam
1484 3484 1650 3534 potest
1674 3471 1863 3524 testari.
1928 3472 1982 3524 si
2011 3487 2214 3537 propter
2241 3478 2339 3529 cri·

463 3586 511 3617 „
526 3555 753 3607 niualem
795 3566 937 3619 puta,
972 3566 1175 3620 propter
1203 3556 1407 3617 aliquod
1436 3555 1728 3607 maleficium
1747 3592 1767 3620 ,
1801 3571 1864 3609 ex
1893 3573 1996 3621 quo
2011 3559 2129 3612 olim
2157 3561 2335 3624 depor-

461 3671 510 3701 ,‚
526 3639 758 3699 abatur,
790 3640 1024 3690 bannitus
1068 3650 1144 3689 cat
1187 3639 1235 3689 in
1268 3650 1559 3701 perpetuum
1579 3675 1598 3702 ‚
1647 3654 1743 3691 nou
1776 3653 1960 3703 potest.
1986 3644 2053 3708 ff.
2096 3649 2160 3697 de
2192 3657 2335 3696 testa

416 3727 421 3736 '
466 3753 513 3783 ‚,
529 3722 649 3783 ejvs
677 3720 704 3777 S
749 3724 971 3775 insutum
992 3760 1010 3786 ,
1045 3726 1162 3784 quia
1199 3726 1295 3776 hoc
1325 3728 1537 3775 bannum
1569 3727 1683 3776 loco
1714 3727 2065 3791 deportationis
2096 3734 2330 3792 habetur.
