3000 4917
1345 408 1585 439 -··
2167 459 2174 468 .
2302 412 2483 489 131-

499 583 606 666 qui
666 584 741 650 de
799 584 1118 654 Holiandia
1153 599 1384 654 tantum
1425 587 1710 671 scripsit,
1756 588 2028 657 omittam
2050 639 2075 674 ‚
2137 589 2294 660 idem
2346 591 2411 662 in

494 713 625 777 aliis
674 713 1005 795 provinciis
1061 713 1263 782 locum
1312 715 1598 782 habuisse
1646 715 1823 783 variis
1872 716 2166 801 probatur
2215 721 2406 790 docu-

493 839 708 906 mentis
738 841 918 925 (96).
963 841 1053 926 At
1078 861 1220 909 cum
1250 839 1432 910 urbes
1458 841 1651 928 magle
1677 841 2407 928 magisqueinerestereut

487 1093 767 1164 formulis
817 1093 1099 1164 effectum
1147 1111 1384 1164 tantum
1445 1110 1797 1181 spectarunt
1851 1115 1921 1162 ac
1967 1097 2221 1165 moeniis
2257 1111 2404 1167 con·

486 1224 755 1290 tumaces
823 1242 893 1289 ac
960 1222 1373 1293 malefactores
1446 1223 1801 1308 simpliciter
1849 1223 2144 1308 expellere
2187 1237 2409 1308 coepe-

485 1365 629 1418 runt
646 1397 671 1432 ,
726 1351 897 1432 quod
920 1352 1160 1420 ‘eodem
1198 1352 1380 1420 banni
1426 1352 1672 1420 nomine
1706 1363 2003 1420 vocarunt
2046 1351 2225 1437 (97).
2307 1345 2404 1418 Ut

485 1463 649 1545 nunc
716 1491 939 1560 sponte
990 1477 1355 1565 intelligatur
1376 1525 1406 1564 ,
1480 1479 1778 1564 quaedam
1845 1491 2086 1547 tantum
2145 1489 2222 1546 ex
2290 1491 2402 1545 ans

484 1603 655 1685 tiqua
714 1605 883 1688 pacis
942 1606 1279 1689 privatione
1338 1627 1447 1676 eos
1517 1607 1634 1676 sibi
1694 1607 2180 1676 accommodasse
2243 1613 2398 1688 quae

488 1745 634 1796 suae
668 1729 999 1798 ‹Z'onditioni
1025 1733 1171 1802 satis
1195 1733 1520 1801 convenire
1543 1733 1900 1802 videbantur
1913 1779 1939 1817 ,
1983 1747 2168 1816 atque
2198 1731 2344 1798 hinc
2365 1765 2396 1814 ς

488 1857 669 1923 sicuti
725 1876 875 1941 pace
920 1859 1187 1942 privatus
1236 1880 1273 1926 a
1340 1859 1580 1926 nemine
1627 1858 1810 1942 recipi
1871 1871 2077 1943 potest
2098 1902 2127 1940 ‚
2177 1851 2263 1924 it'a
2315 1851 2396 1924 ab

486 1982 730 2050 urbium
794 1974 1130 2052 rectoribus
1192 1982 1314 2053 fuit
1386 1983 1640 2052 vetitum
1660 2030 1686 2068 ,
1776 1981 2108 2066 quominus
2171 1977 2405 2050 bmnffi

484 2109 755 2194 hospitio
790 2110 1043 2197 alicujus
1099 2111 1481 2212 fruerentur3
1557 2129 1632 2178 ae
1695 2109 1875 2179 sicuti
1927 2107 2205 2180 faidosm
2263 2106 2400 2179 siae

484 2213 761 2322 periculo
830 2237 987 2307 vitae
1045 2238 1110 2306 in
1160 2238 1477 2323 provincia,
1531 2237 1640 2307 ubi
1700 2235 2136 2305 condemnatur
2183 2233 2402 2322 degere

484 2364 694 2448 nequit
710 2410 735 2447 ,
789 2365 870 2433 ita
902 2365 1132 2436 banniti
1166 2367 1282 2432 sub
1332 2383 1532 2447 poena
1569 2365 1790 2451 ,mortis
1839 2363 2144 2432 domicilio
2195 2360 2400 2449 expe!-

484 2491 785 2558 lebantur.
841 2491 913 2558 In
948 2509 1023 2558 eo
1056 2490 1243 2576 igitur
1258 2510 1399 2558 cum
1439 2491 1767 2575 deportatis
1797 2491 2166 2560 conveniturt
2181 2539 2206 2576 ,
2225 2491 2394 2574 quod

478 2620 601 2685 sint
652 2637 825 2700 aqua
864 2631 926 2684 et
972 2617 1102 2703 igni
1161 2616 1456 2684 interdicti
1496 2633 1558 2685 et
1610 2617 1822 2686 ultimo
1873 2617 2175 2702 supplicio
2223 2614 2394 2702 picc-

474 2759 677 2812 tantur
692 2793 716 2828 ‚
748 2746 815 2820 si⁸
832 2745 1069 2815 exilium
1088 2745 1343 2816 violent.
1388 2749 1492 2814 An
1526 2762 1730 2816 autem
1759 2746 1824 2814 in
1843 2766 1919 2815 eo
1949 2745 2384 2831 deportationis

476 2873 823 2940 criterium?
870 2893 977 2976 unx
1024 2889 1345 2958 propterea
1393 2874 1726 2958 deportatis
1765 2875 1916 2960 jure
1967 2873 2390 2941 Romanorum

480 2996 703 3064 similes
754 2998 838 3064 illi
858 3047 884 3081 ‚
949 3001 1053 3082 qui
1094 3004 1228 3086 J'ure
1252 2997 1257 3001 ’
1282 3001 1602 3085 Belgarum
1647 3000 1910 3068 banniti.
1949 3013 2120 3068 sunt.
2208 2997 2382 3064 Talis

471 3125 841 3208 comparatio
882 3125 1032 3208 ipsis
1066 3119 1481 3192 Romanorum
1519 3125 1700 3210 JCtis
1751 3126 1998 3193 adversa
2013 3170 2039 3208 ,
2093 3123 2201 3206 qul
2253 3133 2384 3190 non

2320 3245 2390 3317 in

580 3499 741 3568 (96)
788 3499 1134 3550 Βοττιιοιιιι
1177 3509 1367 3550 somme
1413 3495 1605 3548 rurant
1651 3494 2098 3560 geaugmenuerd
2139 3493 2220 3560 bij
2259 3496 2372 3550 een·

483 3595 741 3650 experte»
784 3581 1108 3648 practizym
1157 3579 1274 3633 Fet.
1318 3591 1404 3640 53.
1464 3588 1717 3627 narnus
1759 3577 1972 3627 Manier
2033 3592 2139 3630 van
2184 3590 2364 3646 regn·

484 3669 706 3734 pleging
767 3671 997 3715 omnent
1056 3675 1210 3712 eenen
1268 3659 1403 3710 dou
1438 3659 1768 3724 gea-lagenea
1819 3659 2056 3724 oudtijls
2095 3661 2374 3728 gebu-nihe-

486 3751 593 3814 lae’jk
653 3751 707 3799 in
764 3750 827 3800 de
876 3747 1338 3809 Vernandeungen
1384 3758 1494 3797 un
1539 3745 1628 3793 het
1683 3733 2046 3813 Genoo'tsclnaep
2083 3757 2183 3814 pro
2225 3761 2374 3798 exeo·

488 3836 637 3886 tendo
670 3834 805 3897 jure
848 3833 1032 3899 patrio
1080 3831 1222 3882 Tm.
1255 3831 1305 3882 1.
1352 3839 1414 3893 p.
1446 3839 1568 3891 425.

578 3916 737 3986 (97)
783 3919 999 3972 Ilandv.
1050 3932 1158 3971 van
1208 3915 1369 3982 Aust.
1419 3917 1495 3970 1¹.
1542 3924 1603 3979 p·
1652 3913 1770 3980 578·

1460 4019 1605 4088 Ra
