<?xml version="1.0" encoding="UTF-8"?>
<!DOCTYPE html PUBLIC "-//W3C//DTD XHTML 1.0 Transitional//EN"
    "http://www.w3.org/TR/xhtml1/DTD/xhtml1-transitional.dtd">
<html xmlns="http://www.w3.org/1999/xhtml" xml:lang="en" lang="en">
 <head>
  <title>
</title>
<meta http-equiv="Content-Type" content="text/html;charset=utf-8" />
  <meta name='ocr-system' content='tesseract 3.04.00' />
  <meta name='ocr-capabilities' content='ocr_page ocr_carea ocr_par ocr_line ocrx_word'/>
</head>
<body>
  <div class='ocr_page' id='page_1' title='image "./demortecivili00unkngoog_0109.png"; bbox 0 0 3000 4917; ppageno 0'>
   <div class='ocr_carea' id='block_1_1' title="bbox 1263 349 2338 734">
    <p class='ocr_par' dir='ltr' id='par_1_1' title="bbox 1263 349 2338 734">
     <span class='ocr_line' id='line_1_1' title="bbox 1263 349 2338 432; baseline -0.005 0"><span class='ocrx_word' id='word_1_1' title='bbox 1263 349 1510 432; x_wconf 50' lang='grc' dir='ltr'>Ξ,</span> <span class='ocrx_word' id='word_1_2' title='bbox 1847 415 1851 419; x_wconf 77' lang='grc'><strong>,</strong></span> <span class='ocrx_word' id='word_1_3' title='bbox 2241 357 2338 428; x_wconf 71' lang='grc'>93</span> 
     </span>
     <span class='ocr_line' id='line_1_2' title="bbox 1282 616 1478 734; baseline 0 -34"><span class='ocrx_word' id='word_1_4' title='bbox 1282 619 1327 734; x_wconf 65' lang='lat' dir='ltr'>⁴S</span> <span class='ocrx_word' id='word_1_5' title='bbox 1413 616 1478 713; x_wconf 59' lang='lat'>³?</span> 
     </span>
    </p>
   </div>
   <div class='ocr_carea' id='block_1_2' title="bbox 554 889 2348 1360">
    <p class='ocr_par' dir='ltr' id='par_1_2' title="bbox 554 889 2348 1360">
     <span class='ocr_line' id='line_1_3' title="bbox 554 889 2348 983; baseline -0.004 -15"><span class='ocrx_word' id='word_1_6' title='bbox 554 902 655 968; x_wconf 78' lang='lat' dir='ltr'>Dc</span> <span class='ocrx_word' id='word_1_7' title='bbox 688 899 768 963; x_wconf 77' lang='lat' dir='ltr'>iis</span> <span class='ocrx_word' id='word_1_8' title='bbox 782 941 808 977; x_wconf 84' lang='lat'>‚</span> <span class='ocrx_word' id='word_1_9' title='bbox 849 911 1011 981; x_wconf 76' lang='lat' dir='ltr'>quae</span> <span class='ocrx_word' id='word_1_10' title='bbox 1050 892 1370 979; x_wconf 72' lang='lat' dir='ltr'><em>pertinent</em></span> <span class='ocrx_word' id='word_1_11' title='bbox 1400 889 1493 958; x_wconf 81' lang='lat' dir='ltr'>ad</span> <span class='ocrx_word' id='word_1_12' title='bbox 1534 904 1786 963; x_wconf 78' lang='lat' dir='ltr'>mortem</span> <span class='ocrx_word' id='word_1_13' title='bbox 1820 894 2055 964; x_wconf 69' lang='lat' dir='ltr'>civilem</span> <span class='ocrx_word' id='word_1_14' title='bbox 2079 938 2105 975; x_wconf 91' lang='lat'>‚</span> <span class='ocrx_word' id='word_1_15' title='bbox 2148 891 2233 961; x_wconf 77' lang='lat' dir='ltr'>ab</span> <span class='ocrx_word' id='word_1_16' title='bbox 2343 972 2348 983; x_wconf 40' lang='grc'><strong>,</strong></span> 
     </span>
     <span class='ocr_line' id='line_1_4' title="bbox 650 1016 2147 1109; baseline -0.004 -17"><span class='ocrx_word' id='word_1_17' title='bbox 650 1025 924 1092; x_wconf 76' lang='lat' dir='ltr'>Henrt‘co</span> <span class='ocrx_word' id='word_1_18' title='bbox 960 1016 1092 1109; x_wconf 68' lang='lat' dir='ltr'>IV.</span> <span class='ocrx_word' id='word_1_19' title='bbox 1146 1039 1337 1105; x_wconf 66' lang='lat' dir='ltr'>usque</span> <span class='ocrx_word' id='word_1_20' title='bbox 1383 1016 1477 1084; x_wconf 83' lang='lat' dir='ltr'>ad</span> <span class='ocrx_word' id='word_1_21' title='bbox 1520 1032 1778 1088; x_wconf 75' lang='lat' dir='ltr'>monem</span> <span class='ocrx_word' id='word_1_22' title='bbox 1819 1020 2147 1088; x_wconf 70' lang='lat' dir='ltr'>Frederici</span> 
     </span>
     <span class='ocr_line' id='line_1_5' title="bbox 845 1145 1973 1230; baseline 0 -16"><span class='ocrx_word' id='word_1_23' title='bbox 845 1146 1264 1217; x_wconf 77' lang='lat' dir='ltr'>Barbarossae</span> <span class='ocrx_word' id='word_1_24' title='bbox 1363 1145 1448 1213; x_wconf 77' lang='lat' dir='ltr'>ab</span> <span class='ocrx_word' id='word_1_25' title='bbox 1548 1166 1716 1214; x_wconf 80' lang='lat' dir='ltr'>anno</span> <span class='ocrx_word' id='word_1_26' title='bbox 1818 1165 1973 1230; x_wconf 79' lang='lat'>1057</span> 
     </span>
     <span class='ocr_line' id='line_1_6' title="bbox 1096 1270 1720 1360; baseline 0.005 -21"><span class='ocrx_word' id='word_1_27' title='bbox 1096 1270 1194 1339; x_wconf 80' lang='lat' dir='ltr'>ad</span> <span class='ocrx_word' id='word_1_28' title='bbox 1234 1291 1474 1340; x_wconf 79' lang='lat' dir='ltr'>annum</span> <span class='ocrx_word' id='word_1_29' title='bbox 1537 1276 1720 1360; x_wconf 78' lang='lat'>1187.</span> 
     </span>
    </p>
   </div>
   <div class='ocr_carea' id='block_1_3' title="bbox 464 1546 2361 3035">
    <p class='ocr_par' dir='ltr' id='par_1_3' title="bbox 464 1546 2361 2530">
     <span class='ocr_line' id='line_1_7' title="bbox 549 1546 2351 1630; baseline 0.001 -11"><span class='ocrx_word' id='word_1_30' title='bbox 549 1551 846 1620; x_wconf 83' lang='lat' dir='ltr'>Maximas</span> <span class='ocrx_word' id='word_1_31' title='bbox 891 1551 1212 1630; x_wconf 87' lang='lat' dir='ltr'>hucusque</span> <span class='ocrx_word' id='word_1_32' title='bbox 1262 1546 1624 1616; x_wconf 88' lang='lat' dir='ltr'>mutationes</span> <span class='ocrx_word' id='word_1_33' title='bbox 1671 1547 1933 1621; x_wconf 79' lang='lat' dir='ltr'>subierat</span> <span class='ocrx_word' id='word_1_34' title='bbox 1986 1549 2351 1621; x_wconf 75' lang='lat' dir='ltr'><strong>forbannum</strong></span> 
     </span>
     <span class='ocr_line' id='line_1_8' title="bbox 464 1677 2355 1763; baseline -0.001 -15"><span class='ocrx_word' id='word_1_35' title='bbox 464 1683 698 1748; x_wconf 85' lang='lat' dir='ltr'>ratione</span> <span class='ocrx_word' id='word_1_36' title='bbox 752 1679 875 1749; x_wconf 88' lang='lat' dir='ltr'>fori</span> <span class='ocrx_word' id='word_1_37' title='bbox 925 1699 995 1747; x_wconf 86' lang='lat' dir='ltr'>ac</span> <span class='ocrx_word' id='word_1_38' title='bbox 1044 1677 1239 1745; x_wconf 83' lang='lat' dir='ltr'><strong>delicti</strong></span> <span class='ocrx_word' id='word_1_39' title='bbox 1261 1722 1286 1758; x_wconf 91' lang='lat'><strong>,</strong></span> <span class='ocrx_word' id='word_1_40' title='bbox 1345 1696 1444 1744; x_wconf 91' lang='lat' dir='ltr'>res</span> <span class='ocrx_word' id='word_1_41' title='bbox 1495 1678 1629 1762; x_wconf 87' lang='lat' dir='ltr'>ipsa</span> <span class='ocrx_word' id='word_1_42' title='bbox 1677 1679 1895 1747; x_wconf 83' lang='lat' dir='ltr'>mansit</span> <span class='ocrx_word' id='word_1_43' title='bbox 1936 1682 2112 1763; x_wconf 83' lang='lat' dir='ltr'>quod</span> <span class='ocrx_word' id='word_1_44' title='bbox 2135 1679 2355 1748; x_wconf 63' lang='lat' dir='ltr'>fuerat</span> 
     </span>
     <span class='ocr_line' id='line_1_9' title="bbox 466 1790 2351 1897; baseline -0.003 -21"><span class='ocrx_word' id='word_1_45' title='bbox 466 1809 548 1876; x_wconf 91' lang='lat' dir='ltr'>ab</span> <span class='ocrx_word' id='word_1_46' title='bbox 570 1790 761 1876; x_wconf 46' lang='lat' dir='ltr'>¹initio</span> <span class='ocrx_word' id='word_1_47' title='bbox 781 1853 805 1890; x_wconf 88' lang='lat'><strong>‚</strong></span> <span class='ocrx_word' id='word_1_48' title='bbox 851 1808 1137 1897; x_wconf 68' lang='lat' dir='ltr'>privatio</span> <span class='ocrx_word' id='word_1_49' title='bbox 1160 1805 1344 1893; x_wconf 76' lang='lat' dir='ltr'>pact‘s</span> <span class='ocrx_word' id='word_1_50' title='bbox 1381 1823 1523 1872; x_wconf 87' lang='lat' dir='ltr'>cum</span> <span class='ocrx_word' id='word_1_51' title='bbox 1571 1804 1975 1889; x_wconf 82' lang='lat' dir='ltr'>publicatione</span> <span class='ocrx_word' id='word_1_52' title='bbox 2010 1804 2351 1888; x_wconf 66' lang='lat' dir='ltr'>bonorumg,</span> 
     </span>
     <span class='ocr_line' id='line_1_10' title="bbox 468 1935 2357 2018; baseline -0.001 -17"><span class='ocrx_word' id='word_1_53' title='bbox 468 1948 534 2001; x_wconf 89' lang='lat' dir='ltr'>at</span> <span class='ocrx_word' id='word_1_54' title='bbox 603 1937 847 2003; x_wconf 84' lang='lat' dir='ltr'>saeculo</span> <span class='ocrx_word' id='word_1_55' title='bbox 913 1937 1271 2005; x_wconf 90' lang='lat' dir='ltr'>duodecimo</span> <span class='ocrx_word' id='word_1_56' title='bbox 1335 1935 1471 2002; x_wconf 86' lang='lat' dir='ltr'>talia</span> <span class='ocrx_word' id='word_1_57' title='bbox 1538 1949 1917 2004; x_wconf 88' lang='lat' dir='ltr'>accesserunt</span> <span class='ocrx_word' id='word_1_58' title='bbox 1935 1981 1960 2018; x_wconf 93' lang='lat'><strong>,</strong></span> <span class='ocrx_word' id='word_1_59' title='bbox 2022 1953 2180 2017; x_wconf 80' lang='lat' dir='ltr'>quae</span> <span class='ocrx_word' id='word_1_60' title='bbox 2228 1950 2357 1999; x_wconf 91' lang='lat' dir='ltr'>non</span> 
     </span>
     <span class='ocr_line' id='line_1_11' title="bbox 468 2060 2358 2147; baseline -0.001 -18"><span class='ocrx_word' id='word_1_61' title='bbox 468 2075 702 2130; x_wconf 77' lang='lat' dir='ltr'>tantum</span> <span class='ocrx_word' id='word_1_62' title='bbox 763 2063 1061 2146; x_wconf 82' lang='lat' dir='ltr'>formam,</span> <span class='ocrx_word' id='word_1_63' title='bbox 1118 2064 1226 2131; x_wconf 92' lang='lat' dir='ltr'>sed</span> <span class='ocrx_word' id='word_1_64' title='bbox 1275 2080 1508 2147; x_wconf 85' lang='lat' dir='ltr'>poenae</span> <span class='ocrx_word' id='word_1_65' title='bbox 1557 2061 1871 2131; x_wconf 80' lang='lat' dir='ltr'><strong>essentiam</strong></span> <span class='ocrx_word' id='word_1_66' title='bbox 1918 2062 2178 2147; x_wconf 76' lang='lat' dir='ltr'>penitus</span> <span class='ocrx_word' id='word_1_67' title='bbox 2210 2060 2358 2130; x_wconf 88' lang='lat' dir='ltr'>sub-</span> 
     </span>
     <span class='ocr_line' id='line_1_12' title="bbox 473 2172 2359 2273; baseline -0.001 -16"><span class='ocrx_word' id='word_1_68' title='bbox 473 2205 773 2258; x_wconf 80' lang='lat' dir='ltr'>verterent</span> <span class='ocrx_word' id='word_1_69' title='bbox 794 2237 819 2273; x_wconf 91' lang='lat'><strong>,</strong></span> <span class='ocrx_word' id='word_1_70' title='bbox 881 2210 951 2259; x_wconf 90' lang='lat' dir='ltr'>ac</span> <span class='ocrx_word' id='word_1_71' title='bbox 1003 2172 1084 2258; x_wconf 87' lang='lat' dir='ltr'>ita</span> <span class='ocrx_word' id='word_1_72' title='bbox 1152 2204 1453 2259; x_wconf 85' lang='lat' dir='ltr'>mutarent</span> <span class='ocrx_word' id='word_1_73' title='bbox 1471 2237 1497 2273; x_wconf 85' lang='lat'>‚</span> <span class='ocrx_word' id='word_1_74' title='bbox 1570 2204 1644 2259; x_wconf 94' lang='lat' dir='ltr'>ut</span> <span class='ocrx_word' id='word_1_75' title='bbox 1695 2190 1799 2259; x_wconf 83' lang='lat' dir='ltr'>vix</span> <span class='ocrx_word' id='word_1_76' title='bbox 1848 2189 2155 2259; x_wconf 74' lang='lat' dir='ltr'>crudelius</span> <span class='ocrx_word' id='word_1_77' title='bbox 2205 2188 2359 2272; x_wconf 88' lang='lat' dir='ltr'>quid</span> 
     </span>
     <span class='ocr_line' id='line_1_13' title="bbox 472 2314 2361 2409; baseline 0 -27"><span class='ocrx_word' id='word_1_78' title='bbox 472 2335 549 2382; x_wconf 87' lang='lat' dir='ltr'>ac</span> <span class='ocrx_word' id='word_1_79' title='bbox 597 2317 986 2385; x_wconf 84' lang='lat' dir='ltr'>inhumanius</span> <span class='ocrx_word' id='word_1_80' title='bbox 1037 2317 1362 2402; x_wconf 84' lang='lat' dir='ltr'>excogitari</span> <span class='ocrx_word' id='word_1_81' title='bbox 1408 2331 1617 2401; x_wconf 81' lang='lat' dir='ltr'>queat.</span> <span class='ocrx_word' id='word_1_82' title='bbox 1701 2317 1890 2405; x_wconf 83' lang='lat' dir='ltr'>Quod</span> <span class='ocrx_word' id='word_1_83' title='bbox 1937 2331 2137 2387; x_wconf 88' lang='lat' dir='ltr'>autem</span> <span class='ocrx_word' id='word_1_84' title='bbox 2172 2314 2361 2409; x_wconf 83' lang='lat' dir='ltr'>magis</span> 
     </span>
     <span class='ocr_line' id='line_1_14' title="bbox 474 2442 2359 2530; baseline 0.001 -20"><span class='ocrx_word' id='word_1_85' title='bbox 474 2443 805 2512; x_wconf 87' lang='lat' dir='ltr'>mirandum</span> <span class='ocrx_word' id='word_1_86' title='bbox 825 2492 849 2526; x_wconf 88' lang='lat'>‚</span> <span class='ocrx_word' id='word_1_87' title='bbox 890 2443 1179 2530; x_wconf 86' lang='lat' dir='ltr'>originem</span> <span class='ocrx_word' id='word_1_88' title='bbox 1199 2444 1350 2514; x_wconf 87' lang='lat' dir='ltr'>illud</span> <span class='ocrx_word' id='word_1_89' title='bbox 1363 2445 1440 2512; x_wconf 90' lang='lat' dir='ltr'>ab</span> <span class='ocrx_word' id='word_1_90' title='bbox 1473 2445 1743 2514; x_wconf 84' lang='lat' dir='ltr'>Ecclesia</span> <span class='ocrx_word' id='word_1_91' title='bbox 1770 2492 1795 2529; x_wconf 93' lang='lat'><strong>,</strong></span> <span class='ocrx_word' id='word_1_92' title='bbox 1833 2466 1870 2515; x_wconf 88' lang='lat' dir='ltr'>a</span> <span class='ocrx_word' id='word_1_93' title='bbox 1891 2443 2122 2513; x_wconf 83' lang='lat' dir='ltr'>clericis</span> <span class='ocrx_word' id='word_1_94' title='bbox 2145 2494 2150 2503; x_wconf 82' lang='lat'>.</span> <span class='ocrx_word' id='word_1_95' title='bbox 2171 2442 2359 2526; x_wconf 77' lang='lat' dir='ltr'>cepit.</span> 
     </span>
    </p>

    <p class='ocr_par' dir='ltr' id='par_1_4' title="bbox 470 2571 2361 3035">
     <span class='ocr_line' id='line_1_15' title="bbox 552 2571 2361 2656; baseline -0.001 -18"><span class='ocrx_word' id='word_1_96' title='bbox 552 2572 705 2640; x_wconf 89' lang='lat' dir='ltr'>Non</span> <span class='ocrx_word' id='word_1_97' title='bbox 770 2592 972 2640; x_wconf 88' lang='lat' dir='ltr'>meum</span> <span class='ocrx_word' id='word_1_98' title='bbox 1038 2587 1131 2641; x_wconf 89' lang='lat' dir='ltr'>est</span> <span class='ocrx_word' id='word_1_99' title='bbox 1149 2619 1174 2656; x_wconf 92' lang='lat'><strong>,</strong></span> <span class='ocrx_word' id='word_1_100' title='bbox 1249 2573 1473 2643; x_wconf 87' lang='lat' dir='ltr'>referre</span> <span class='ocrx_word' id='word_1_101' title='bbox 1524 2573 1751 2656; x_wconf 83' lang='lat' dir='ltr'>quibus</span> <span class='ocrx_word' id='word_1_102' title='bbox 1820 2571 2361 2643; x_wconf 78' lang='lat' dir='ltr'>machinationibus</span> 
     </span>
     <span class='ocr_line' id='line_1_16' title="bbox 475 2699 2359 2791; baseline -0.001 -25"><span class='ocrx_word' id='word_1_103' title='bbox 475 2719 857 2768; x_wconf 70' lang='lat' dir='ltr'>ousooruus</span> <span class='ocrx_word' id='word_1_104' title='bbox 915 2700 1061 2768; x_wconf 85' lang='lat' dir='ltr'><strong>VII.</strong></span> <span class='ocrx_word' id='word_1_105' title='bbox 1123 2702 1416 2787; x_wconf 85' lang='lat' dir='ltr'>Paparum</span> <span class='ocrx_word' id='word_1_106' title='bbox 1470 2699 1887 2791; x_wconf 80' lang='lat' dir='ltr'>auctoritatem</span> <span class='ocrx_word' id='word_1_107' title='bbox 1950 2699 2146 2779; x_wconf 69' lang='lat' dir='ltr'>evexit</span> <span class='ocrx_word' id='word_1_108' title='bbox 2161 2746 2187 2782; x_wconf 84' lang='lat'>‚</span> <span class='ocrx_word' id='word_1_109' title='bbox 2246 2716 2359 2765; x_wconf 87' lang='lat' dir='ltr'>nec</span> 
     </span>
     <span class='ocr_line' id='line_1_17' title="bbox 471 2823 2361 2912; baseline 0.001 -22"><span class='ocrx_word' id='word_1_110' title='bbox 471 2824 616 2891; x_wconf 83' lang='lat' dir='ltr'>mihi</span> <span class='ocrx_word' id='word_1_111' title='bbox 642 2826 940 2910; x_wconf 74' lang='lat' dir='ltr'>competit</span> <span class='ocrx_word' id='word_1_112' title='bbox 954 2827 1152 2895; x_wconf 90' lang='lat' dir='ltr'>critica</span> <span class='ocrx_word' id='word_1_113' title='bbox 1169 2830 1245 2896; x_wconf 90' lang='lat' dir='ltr'>de</span> <span class='ocrx_word' id='word_1_114' title='bbox 1275 2828 1629 2912; x_wconf 85' lang='lat' dir='ltr'>quaestione</span> <span class='ocrx_word' id='word_1_115' title='bbox 1643 2829 1797 2894; x_wconf 90' lang='lat' dir='ltr'>circa</span> <span class='ocrx_word' id='word_1_116' title='bbox 1814 2826 2221 2896; x_wconf 86' lang='lat' dir='ltr'>investituram</span> <span class='ocrx_word' id='word_1_117' title='bbox 2239 2823 2361 2891; x_wconf 84' lang='lat' dir='ltr'>dis·</span> 
     </span>
     <span class='ocr_line' id='line_1_18' title="bbox 470 2948 2359 3035; baseline 0 -19"><span class='ocrx_word' id='word_1_118' title='bbox 470 2951 758 3033; x_wconf 63' lang='lat' dir='ltr'>musitio,</span> <span class='ocrx_word' id='word_1_119' title='bbox 793 2953 1018 3035; x_wconf 88' lang='lat' dir='ltr'>quippe</span> <span class='ocrx_word' id='word_1_120' title='bbox 1071 2956 1225 3035; x_wconf 86' lang='lat' dir='ltr'>qu&#39;ae</span> <span class='ocrx_word' id='word_1_121' title='bbox 1274 2973 1311 3020; x_wconf 91' lang='lat' dir='ltr'>a</span> <span class='ocrx_word' id='word_1_122' title='bbox 1356 2952 1879 3035; x_wconf 84' lang='lat' dir='ltr'>praestantissimis</span> <span class='ocrx_word' id='word_1_123' title='bbox 1912 2948 2214 3031; x_wconf 83' lang='lat' dir='ltr'>historicis</span> <span class='ocrx_word' id='word_1_124' title='bbox 2236 2949 2359 3033; x_wconf 86' lang='lat' dir='ltr'>jam</span> 
     </span>
    </p>
   </div>
   <div class='ocr_carea' id='block_1_4' title="bbox 473 3074 2474 3161">
    <p class='ocr_par' dir='ltr' id='par_1_5' title="bbox 473 3074 2474 3161">
     <span class='ocr_line' id='line_1_19' title="bbox 473 3074 2474 3161; baseline -0.002 -17"><span class='ocrx_word' id='word_1_125' title='bbox 473 3077 644 3144; x_wconf 80' lang='lat' dir='ltr'>fuere</span> <span class='ocrx_word' id='word_1_126' title='bbox 688 3078 1010 3146; x_wconf 86' lang='lat' dir='ltr'>elaborata.</span> <span class='ocrx_word' id='word_1_127' title='bbox 1109 3078 1394 3161; x_wconf 87' lang='lat' dir='ltr'>Sequelas</span> <span class='ocrx_word' id='word_1_128' title='bbox 1458 3091 1692 3144; x_wconf 90' lang='lat' dir='ltr'>tantum</span> <span class='ocrx_word' id='word_1_129' title='bbox 1738 3077 1924 3160; x_wconf 77' lang='lat' dir='ltr'>huius</span> <span class='ocrx_word' id='word_1_130' title='bbox 1984 3074 2310 3143; x_wconf 87' lang='lat' dir='ltr'>discordiae</span> <span class='ocrx_word' id='word_1_131' title='bbox 2333 3121 2361 3159; x_wconf 88' lang='lat'><strong>,</strong></span> <span class='ocrx_word' id='word_1_132' title='bbox 2469 3120 2474 3125; x_wconf 90' lang='lat'>-</span> 
     </span>
    </p>
   </div>
   <div class='ocr_carea' id='block_1_5' title="bbox 469 3200 2367 4030">
    <p class='ocr_par' dir='ltr' id='par_1_6' title="bbox 469 3200 2367 3937">
     <span class='ocr_line' id='line_1_20' title="bbox 473 3200 2361 3291; baseline -0.004 -18"><span class='ocrx_word' id='word_1_133' title='bbox 473 3207 674 3289; x_wconf 87' lang='lat' dir='ltr'>quoad</span> <span class='ocrx_word' id='word_1_134' title='bbox 785 3218 1052 3291; x_wconf 84' lang='lat' dir='ltr'>nostram</span> <span class='ocrx_word' id='word_1_135' title='bbox 1132 3217 1437 3287; x_wconf 77' lang='lat' dir='ltr'>spectant·</span> <span class='ocrx_word' id='word_1_136' title='bbox 1493 3200 1796 3280; x_wconf 83' lang='lat' dir='ltr'>materiam</span> <span class='ocrx_word' id='word_1_137' title='bbox 1895 3220 2194 3286; x_wconf 82' lang='lat' dir='ltr'>exponere</span> <span class='ocrx_word' id='word_1_138' title='bbox 2291 3200 2361 3267; x_wconf 86' lang='lat' dir='ltr'>li·</span> 
     </span>
     <span class='ocr_line' id='line_1_21' title="bbox 472 3327 2365 3425; baseline -0.001 -25"><span class='ocrx_word' id='word_1_139' title='bbox 472 3347 656 3417; x_wconf 81' lang='lat' dir='ltr'>ceat3</span> <span class='ocrx_word' id='word_1_140' title='bbox 716 3346 777 3399; x_wconf 90' lang='lat' dir='ltr'>et</span> <span class='ocrx_word' id='word_1_141' title='bbox 812 3350 956 3399; x_wconf 88' lang='lat' dir='ltr'>sane</span> <span class='ocrx_word' id='word_1_142' title='bbox 986 3331 1193 3425; x_wconf 50' lang='lat' dir='ltr'>magni⁸</span> <span class='ocrx_word' id='word_1_143' title='bbox 1222 3330 1367 3396; x_wconf 88' lang='lat' dir='ltr'>haec</span> <span class='ocrx_word' id='word_1_144' title='bbox 1398 3328 1570 3396; x_wconf 84' lang='lat' dir='ltr'>fuere</span> <span class='ocrx_word' id='word_1_145' title='bbox 1617 3327 1933 3395; x_wconf 87' lang='lat' dir='ltr'>momenti.</span> <span class='ocrx_word' id='word_1_146' title='bbox 2014 3328 2174 3395; x_wconf 90' lang='lat' dir='ltr'>Nam</span> <span class='ocrx_word' id='word_1_147' title='bbox 2222 3345 2365 3414; x_wconf 90' lang='lat' dir='ltr'>post</span> 
     </span>
     <span class='ocr_line' id='line_1_22' title="bbox 470 3455 2361 3542; baseline -0.002 -12"><span class='ocrx_word' id='word_1_148' title='bbox 470 3459 901 3530; x_wconf 86' lang='lat' dir='ltr'>concordatum</span> <span class='ocrx_word' id='word_1_149' title='bbox 955 3456 1032 3524; x_wconf 82' lang='lat' dir='ltr'>ab</span> <span class='ocrx_word' id='word_1_150' title='bbox 1068 3475 1375 3525; x_wconf 64' lang='lat' dir='ltr'>namurco</span> <span class='ocrx_word' id='word_1_151' title='bbox 1407 3455 1493 3522; x_wconf 89' lang='lat' dir='ltr'>V.</span> <span class='ocrx_word' id='word_1_152' title='bbox 1545 3469 1609 3522; x_wconf 87' lang='lat' dir='ltr'>et</span> <span class='ocrx_word' id='word_1_153' title='bbox 1644 3475 1944 3524; x_wconf 68' lang='lat' dir='ltr'>camno</span> <span class='ocrx_word' id='word_1_154' title='bbox 1979 3456 2058 3524; x_wconf 91' lang='lat'>11.</span> <span class='ocrx_word' id='word_1_155' title='bbox 2109 3455 2318 3526; x_wconf 85' lang='lat' dir='ltr'>initum</span> <span class='ocrx_word' id='word_1_156' title='bbox 2336 3507 2361 3542; x_wconf 90' lang='lat'><strong><em>‚</em></strong></span> 
     </span>
     <span class='ocr_line' id='line_1_23' title="bbox 473 3583 2367 3673; baseline -0.001 -17"><span class='ocrx_word' id='word_1_157' title='bbox 473 3589 540 3656; x_wconf 86' lang='lat' dir='ltr'>in</span> <span class='ocrx_word' id='word_1_158' title='bbox 601 3588 824 3673; x_wconf 81' lang='lat' dir='ltr'>vulgus</span> <span class='ocrx_word' id='word_1_159' title='bbox 909 3584 1100 3654; x_wconf 87' lang='lat' dir='ltr'>crevit</span> <span class='ocrx_word' id='word_1_160' title='bbox 1167 3583 1374 3670; x_wconf 89' lang='lat' dir='ltr'>opinio</span> <span class='ocrx_word' id='word_1_161' title='bbox 1394 3632 1418 3667; x_wconf 92' lang='lat'><strong>,</strong></span> <span class='ocrx_word' id='word_1_162' title='bbox 1499 3583 1678 3652; x_wconf 80' lang='lat' dir='ltr'>sicuti</span> <span class='ocrx_word' id='word_1_163' title='bbox 1771 3585 2100 3670; x_wconf 87' lang='lat' dir='ltr'>Imperator</span> <span class='ocrx_word' id='word_1_164' title='bbox 2118 3630 2138 3639; x_wconf 90' lang='lat'>--</span> <span class='ocrx_word' id='word_1_165' title='bbox 2179 3586 2367 3672; x_wconf 82' lang='lat' dir='ltr'>Epis·</span> 
     </span>
     <span class='ocr_line' id='line_1_24' title="bbox 469 3714 2356 3801; baseline -0.002 -17"><span class='ocrx_word' id='word_1_166' title='bbox 469 3715 641 3801; x_wconf 86' lang='lat' dir='ltr'>copis</span> <span class='ocrx_word' id='word_1_167' title='bbox 694 3714 1079 3798; x_wconf 88' lang='lat' dir='ltr'>temporalem</span> <span class='ocrx_word' id='word_1_168' title='bbox 1142 3728 1498 3800; x_wconf 86' lang='lat' dir='ltr'>potestatem</span> <span class='ocrx_word' id='word_1_169' title='bbox 1565 3732 1703 3780; x_wconf 89' lang='lat' dir='ltr'>cum</span> <span class='ocrx_word' id='word_1_170' title='bbox 1758 3729 1999 3799; x_wconf 89' lang='lat' dir='ltr'>sceptro</span> <span class='ocrx_word' id='word_1_171' title='bbox 2052 3716 2317 3784; x_wconf 88' lang='lat' dir='ltr'>tradebat</span> <span class='ocrx_word' id='word_1_172' title='bbox 2331 3760 2356 3796; x_wconf 92' lang='lat'><strong>,</strong></span> 
     </span>
     <span class='ocr_line' id='line_1_25' title="bbox 470 3840 2362 3937; baseline -0.005 -24"><span class='ocrx_word' id='word_1_173' title='bbox 470 3843 753 3929; x_wconf 84' lang='lat' dir='ltr'>pastorali</span> <span class='ocrx_word' id='word_1_174' title='bbox 777 3840 1058 3929; x_wconf 83' lang='lat' dir='ltr'>dignitate</span> <span class='ocrx_word' id='word_1_175' title='bbox 1088 3862 1124 3911; x_wconf 90' lang='lat' dir='ltr'>a</span> <span class='ocrx_word' id='word_1_176' title='bbox 1152 3841 1328 3929; x_wconf 79' lang='lat' dir='ltr'>PapIs</span> <span class='ocrx_word' id='word_1_177' title='bbox 1357 3842 1571 3912; x_wconf 89' lang='lat' dir='ltr'>collata</span> <span class='ocrx_word' id='word_1_178' title='bbox 1588 3889 1612 3927; x_wconf 89' lang='lat'><strong>,</strong></span> <span class='ocrx_word' id='word_1_179' title='bbox 1654 3843 1732 3911; x_wconf 85' lang='lat' dir='ltr'>ita</span> <span class='ocrx_word' id='word_1_180' title='bbox 1781 3842 1846 3912; x_wconf 89' lang='lat' dir='ltr'>in</span> <span class='ocrx_word' id='word_1_181' title='bbox 1890 3845 2133 3937; x_wconf 77' lang='lat' dir='ltr'>caeteris</span> <span class='ocrx_word' id='word_1_182' title='bbox 2183 3845 2362 3912; x_wconf 84' lang='lat' dir='ltr'>etiam</span> 
     </span>
    </p>

    <p class='ocr_par' dir='ltr' id='par_1_7' title="bbox 2216 3963 2362 4030">
     <span class='ocr_line' id='line_1_26' title="bbox 2216 3963 2362 4030; baseline -0.007 -1"><span class='ocrx_word' id='word_1_183' title='bbox 2216 3963 2362 4030; x_wconf 83' lang='lat' dir='ltr'>illud</span> 
     </span>
    </p>
   </div>
  </div>
 </body>
</html>
