3000 4917
738 355 853 425 108
1579 363 1824 428 Ξ

724 563 859 618 tum
908 546 1272 632 requiritur,
1318 559 1391 614 ut
1461 546 1602 630 quis
1663 565 1700 613 e
1745 549 1919 634 justo
1951 550 2372 638 matrimonio,
2403 554 2640 627 intacto

723 676 801 744 ab
840 693 957 742 avo
990 691 1223 758 genere
1242 718 1269 755 ,
1322 685 1506 742 natus
1559 673 1642 740 sit
1687 675 1874 760 (82).

800 801 1022 884 Neque
1038 815 1273 870 tantum
1289 799 1524 868 banniti
1553 815 1774 870 statum
1789 802 2262 872 amittebantsed
2287 817 2350 874 et
2383 805 2554 878 fures
2569 826 2631 878 et

720 941 993 1012 raptores
1008 941 1071 996 et
1086 928 1198 1012 qui
1214 947 1285 997 ac
1312 927 1497 997 vitam
1525 930 1625 998 vel
1641 929 1977 998 membrum
1991 932 2380 1001 redemeiant.
2425 937 2628 1004 Effec-

718 1055 1353 1142 msigimrsententiae
1374 1101 1401 1140 ‚
1428 1074 1551 1140 qua
1563 1054 1812 1148 attice(
1823 1061 1940 1128 nub
1957 1057 2220 1142 ωεῦιωῐ
2237 1061 2376 1143 quis
2397 1062 2632 1133 diceba-

723 1197 866 1266 tur,
897 1183 965 1250 hi
988 1199 1156 1252 erant
1171 1231 1198 1269 ,
1232 1197 1304 1253 ut
1330 1183 1774 1252 matritnonium
1787 1187 2122 1255 solveretur
2145 1233 2170 1270 ,
2187 1188 2362 1256 liberi
2395 1205 2626 1274 patrem

726 1310 1064 1380 amitterent
1116 1312 1369 1397 ejusque
1440 1310 1824 1380 hereditatem
1889 1312 2360 1397 adipiscerentur
2373 1364 2402 1398 ‚
2469 1319 2627 1402 ·ipse

726 1459 873 1508 vero
906 1440 971 1506 in
1016 1439 1245 1526 jndicio
1291 1419 1503 1508 sistere
1547 1459 1675 1507 non
1707 1455 1966 1526 posset,
2000 1460 2071 1509 ac
2103 1444 2274 1511 nullo
2304 1446 2438 1530 jure
2466 1444 2628 1512 frue-

726 1579 829 1634 tur
876 1565 995 1632 nisi
1048 1565 1297 1650 publico
1350 1581 1413 1633 et
1468 1567 1728 1652 generali
1750 1614 1777 1651 ,
1839 1588 1970 1654 quo
2020 1570 2296 1638 homines
2344 1591 2379 1638 a
2413 1571 2623 1640 bestiis

724 1692 1143 1763 discernuntur
1157 1741 1184 1779 ,
1216 1710 1280 1763 at
1311 1695 1433 1764 hoc
1466 1714 1598 1780 quo
1641 1695 1845 1766 minus
1895 1710 2164 1766 uteretur
2209 1699 2332 1784 jam
2381 1698 2622 1782 antiqua

730 1820 1189 1906 proscriptionis
1276 1821 1475 1890 forma
1561 1821 1878 1907 effecerat3
1963 1841 2102 1890 nam
2181 1823 2288 1906 qui
2359 1825 2626 1894 omnium

728 1947 865 2018 telis
902 1949 1263 2036 exponitur,
1295 1963 1368 2018 ut
1418 1949 1574 2018 bene
1602 1965 1741 2034 agat
1767 1950 1868 2016 ille
1886 1995 1913 2033 ,
1939 1949 2048 2034 qui
2097 1969 2232 2019 eum
2265 1951 2512 2033 occidit,
2545 1971 2622 2018 ne

732 2077 1051 2148 universali
1114 2077 1357 2162 quidem
1424 2079 1564 2164 J‘ure
1629 2077 1893 2144 humano
1968 2076 2186 2146 utitur.
2267 2079 2364 2146 Ac
2411 2079 2622 2146 merito

729 2225 877 2278 tunc
915 2205 1265 2290 quaeritur,
1321 2203 1473 2288 quid
1502 2203 1688 2290 igitur
1735 2205 1926 2272 valeat
1973 2202 2256 2287 infamia,
2319 2225 2460 2274 cum
2534 2207 2624 2275 vi·

724 2351 825 2404 tae
868 2335 1138 2420 periculo
1178 2333 1323 2404 satis
1358 2333 1436 2402 ab
1484 2333 1652 2402 omni
1697 2349 1838 2402 actu
1880 2332 2144 2420 judiciali
2181 2333 2497 2418 repellatur
2531 2349 2620 2401 at-

730 2483 851 2548 que
893 2463 1033 2548 jure
1090 2481 1207 2531 suo
1273 2460 1570 2546 privemr.
1653 2463 1744 2529 At
1793 2462 2113 2528 tenendum
2179 2481 2214 2528 a
2260 2463 2394 2547 jure
2445 2481 2624 2530 cano·

726 2588 866 2659 nico
910 2587 1173 2670 plurima
1234 2586 1301 2652 in
1338 2585 1638 2653 forbanno
1685 2585 1934 2652 fluxisse
1955 2633 1979 2666 ,
2037 2599 2220 2669 atque
2259 2588 2532 2672 inprimis
2579 2608 2614 2656 a

724 2709 1069 2784 recentioris
1131 2709 1635 2797 jurisprudentiae
1697 2709 2050 2780 incunabilis
2101 2729 2227 2780 non
2299 2731 2618 2796 expectan-

726 2843 872 2912 dum
924 2853 1018 2908 est
1036 2887 1061 2921 ‚
1122 2851 1195 2906 ut
1245 2835 1512 2922 perfecta
1557 2836 1656 2905 illa
1703 2837 1971 2922 analogia
1988 2884 2015 2922 ,
2061 2858 2217 2922 quae
2267 2843 2512 2924 saepius
2561 2845 2622 2910 in

726 2975 864 3060 iure
918 2968 1196 3039 Romano
1260 2963 1380 3036 fuit
1442 2965 1678 3034 laudata
1702 3013 1729 3051 ,
1790 2967 1992 3036 omnia
2037 2960 2389 3036 decurrant.
2471 2971 2620 3040 Non

728 3115 927 3168 tamen
1018 3095 1253 3164 irritum
1340 3092 1531 3179 illud3
1627 3093 1948 3178 aliquando
2045 3096 2202 3164 enim
2286 3096 2614 3181 Imperator

728 3224 1039 3292 elementia
1070 3225 1291 3292 ductus
1336 3224 1491 3292 vitae
1537 3221 1875 3308 periculum
1915 3242 1985 3290 ac
2029 3223 2336 3306 capitalem
2373 3224 2612 3292 tollebat

730 3337 1107 3418 sententiamss
1144 3350 1385 3416 Plenam
1420 3369 1567 3420 vero
1580 3351 1700 3418 hoc
1743 3349 1960 3418 fuisset
1993 3351 2315 3418 concedere
2344 3349 2568 3418 veniam
2582 3393 2610 3431 ‚

731 3476 851 3544 nisi
898 3475 1261 3544 forbannum
1312 3473 1557 3543 infamia
1613 3490 1964 3560 sequeretur
1979 3522 2003 3558 ,
2059 3495 2178 3558 qua
2215 3475 2330 3544 etsi
2385 3475 2608 3558 suppli-

668 3581 675 3589 ’
738 3600 817 3664 cii
854 3617 1020 3668 metu
1049 3602 1291 3668 solutus
1312 3646 1336 3682 ‚
1364 3602 1765 3684 poenitentiae
1801 3604 2042 3672 nomine
2063 3605 2181 3690 jam
2203 3618 2327 3672 erat
2351 3616 2610 3671 notatus,

2425 3730 2616 3798 Pauca

834 3865 978 3928 (82)
1028 3865 1155 3921 vid.
1210 3869 1358 3932 Spec.
1410 3871 1554 3925 δικ.
1599 3870 1719 3923 Lib.
1763 3867 1816 3926 1.
1859 3874 1989 3930 An.
2042 3878 2122 3930 1⁶.
