3000 4917
1250 381 1495 452 -·.·¹··.·=-..
2235 391 2335 464 ⁷7

420 573 664 642 flumine
723 555 811 640 ad*
832 561 1063 639 “varias
1142 565 1495 638 Germarfiae
1577 581 1796 654 partes·
1845 569 2130 638 transue-
2171 571 2320 642 fiae-

417 701 559 768 1³unt
574 749 599 784 ,
682 701 779 767 ita‘-
834 714 906 768 ut
975 717 1102 766 non
1165 699 1440 782 expulsio
1457 742 1486 781 ,
1559 699 1670 765 sed
1715 697 2064 780 deportatio·
2099 699 2177 766 ad
2215 705 2320 766 τεά

418 825 652 893 motum
700 827 805 894 vel·
840 825 1095 892 alienum
1148 819 1351 894 l'ocum
1404 825 1780 910 intelligenda
1825 825 2110 896 videatur·
2123 828 2302 912 (42).

414 953 616 1021 Poena
666 953 821 1019 ideo‘·
849 955 1141 1020 instructa
1190 953 1461 1037 videtur·;
1506 968 1578 1020 ut
1615 953 1890 1020 homines
1908 999 1934 1035 ,
1991 953 2100 1036 qui
2149 955 2308 1024 malo

416 1082 697 1164 exemplo·
722 1095 983 1148 caeteros
1010 1079 1395 1148 contaminari
1430 1093 1686 1163 possent
1705 1127 1731 1164 ,
1768 1099 1818 1146 e·
1834 1059 2171 1164 conspectu
2209 1099 2304 1150 te-

416 1223 787 1276 moveantur.
847 1205 947 1275 Sic
980 1226 1119 1275 cum
1148 1208 1279 1290 paci
1314 1205 1608 1291 imprimis
1655 1207 1972 1274 studerent·
1999 1206 2302 1292 principes

414 1353 482 1418 ac
515 1333 675 1401 faida
708 1335 853 1418 (4’3)
910 1334 1249 1419 extinguere
1278 1349 1570 1419 cuperent
1587 1382 1612 1417 ‚
1669 1351 1854 1418 atque
1894 1333 2068 1404 multi
2101 1349 2305 1404 tamen

414 1481 490 1528 ex
540 1463 857 1528 inveterata
904 1461 1187 1544 opinione
1242 1464 1337 1530 vel
1399 1463 1648 1548 injuriae
1691 1465 2026 1548 praetextu
2051 1464 2296 1562 quiden

410 1589 487 1654 ad
560 1589 844 1672 placitum
922 1590 1193 1658 venirent
1214 1619 1241 1672 ‚-
1331 1589 1568 1674 jndicio
1620 1605 1819 1657 tamen
1883 1567 2304 1676 obtemperate

414 1716 646 1781 nollent
663 1763 688 1798 ‚
732 1716 905 1784 exilio
962 1718 1037 1784 ab
1094 1716 1420 1784 amicorum
1464 1730 1530 1783 et·
1561 1711 1822 1784 familiae
1859 1718 2300 1785 consuetudine

408 1843 656 1910 detmcti
695 1863 765 1910 ac
816 1845 931 1912 sibi
966 1844 1150 1911 relicti
1172 1890 1197 1925 ‚
1246 1841 1480 1912 facilius
1516 1844 1593 1910 ad
1624 1841 2000 1910 concordiam
2044 1841 2304 1938 perduci

407 1974 711 2053 poterantt
775 1971 1031 2038 Videtur
1067 1987 1261 2039 tamen
1294 1971 1417 2037 hoc·
1457 1969 1904 2053 quodammodo
1942 1969 2022 2036 iis·
2070 1988 2298 2056 repug-

406 2093 545 2164 nare
559 2145 584 2180 ‚
621 2117 771 2181 quae
804 2119 993 2182 supra,
1020 2101 1095 2166 de
1122 2099 1421 2167 forbanno
1452 2098 1618 2182 dixi,
1635 2093 1804 2182 quod
1817 2147 1842 2182 ‚
1871 2098 2116 2182 antiqua
2133 2097 2284 2171 fuis-

402 2241 497 2292 set
544 2226 668 2293 imo
722 2225 839 2295 sub
874 2246 1125 2294 cmv-om
1166 2227 1449 2312 regimine
1487 2226 1893 2294 contumaciae
1932 2245 2132 2310 poena
2168 2243 2288 2294 sem
2365 2227 2375 2234 ’

400 2354 724 2436 coercitio,
774 2368 838 2420 at
862 2353 1299 2424 observandum
1322 2402 1347 2437 ‚
1388 2356 1623 2423 nullum
1659 2373 1794 2422 esse
1846 2353 2098 2422 dubium
2130 2351 2286 2436 quin

398 2480 604 2546 exsilio
652 2495 798 2549 tunc
842 2482 937 2548 usi
972 2481 1127 2549 sint·
1170 2483 1373 2568 Reges
1393 2530 1416 2565 ‚
1465 2498 1605 2551 cum
1623 2481 1858 2550 .faidosi
1903 2495 2128 2550 nomen
2173 2500 2278 2566 ge-

397 2607 515 2674 ‘nus
581 2615 649 2675 'ac
712 2609 1035 2677 auctoritas
1105 2625 1331 2678 metum
1392 2611 1726 2680 incuterent
1740 2651 1767 2694 ‚
1843 2626 1924 2678 ne
1970 2609 2272 2678 forbanno

395 2735 585 2820 'maius
616 2737 895 2804 damnum
915 2737 1207 2822 oriretur3
1234 2740 1418 2820 atque
1444 2757 1520 2804 eo
1548 2751 1846 2822 praeterea
1863 2785 1888 2820 ‚
1922 2739 2000 2804 de
2029 2757 2156 2820 quo
2168 2737 2270 2803 hic

391 2862 625 2944 agitur,
656 2867 928 2944 tempore
953 2883 1233 2948 magnum
1262 2884 1406 2932 sane
1442 2881 1536 2932 est
1567 2867 1880 2932 discrimen
1910 2864 2064 2930 inter
2086 2864 2284 2930 latro*

391 3005 503 3051 nes
520 3033 545 3067 ‚
607 2989 713 3068 qui
758 2987 921 3054 facto
956 3009 1072 3056 suo
1097 2992 1217 3074 jam
1249 2992 1608 3077 reipublicae
1647 2993 1858 3059 hostes
1899 2989 2046 3058 sunt
2084 3004 2268 3069 atque

392 3122 501 3178 'eos
520 3159 543 3192 ,
589 3113 694 3193 qui
741 3102 987 3198 iniuriae
1038 3118 1303 3184 vulneris
1336 3119 1433 3184 vel
1456 3117 1758 3184 homicidii
1793 3117 1948 3182 inter
1973 3114 2134 3182 rixas
2167 3115 2286 3182 vel·

387 3239 723 3308 convicium
750 3245 1075 3325 perpetrati
1100 3243 1606 3338 compositionem·
1629 3243 1894 3326 accipere
1929 3261 1998 3309 ac
2029 3242 2286 3310 solvere„

2152 3387 2262 3438 no-

485 3556 645 3624 (42)
686 3559 829 3640 yid.
890 3556 1146 3613 Moniium
1212 3561 1471 3613 Cance'anl
1523 3561 1596 3610 ad
1647 3559 1838 3625 Legem
1879 3559 2153 3610 Frisoaemn
2195 3563 2252 3608 ee

388 3642 647 3692 Saxonum
689 3638 836 3697 Tm.
882 3645 977 3696 111.
1026 3655 1158 3710 pag.
1202 3645 1326 3699 ΧΠ.
1370 3659 1429 3695 ac
1472 3659 1623 3707 quem
1671 3643 1760 3695 ubi
1797 3643 1918 3694 citat
1977 3643 2246 3707 Egmsarn

390 3723 493 3772 'dus
534 3725 709 3776 invita
755 3737 955 3776 canon
988 3721 1176 3776 'naam
1218 3729 1303 3778 cm·
1344 3727 1415 3782 cf.
1450 3727 1744 3779 annalista
1779 3728 1920 3778 Saxo
1958 3729 2104 3795 apud
2145 3729 2245 3780 Ec·
2297 3761 2303 3766 -

388 3809 601 3858 cardum
648 3813 806 3872 corp.
850 3811 1003 3865 Hist.
1052 3811 1195 3866 Med.
1243 3813 1380 3866 Aera
1429 3813 1576 3864 Tom.
1619 3811 1665 3865 1.
1707 3822 1764 3878 p·
1816 3813 1923 3874 167.

476 3895 625 3962 (43)
670 3897 797 3953 v1d.
844 3901 980 3966 cap.
1028 3901 1073 3953 1.
1120 3901 1223 3955 Ao.
1266 3901 1382 3965 819.
1430 3898 1553 3952 Lib.
1593 3899 1689 3953 lv.
1744 3894 1806 3952 C.
1853 3909 1935 3960 27·

1402 4003 1576 4086 K3·
