<?xml version="1.0" encoding="UTF-8"?>
<!DOCTYPE html PUBLIC "-//W3C//DTD XHTML 1.0 Transitional//EN"
    "http://www.w3.org/TR/xhtml1/DTD/xhtml1-transitional.dtd">
<html xmlns="http://www.w3.org/1999/xhtml" xml:lang="en" lang="en">
 <head>
  <title>
</title>
<meta http-equiv="Content-Type" content="text/html;charset=utf-8" />
  <meta name='ocr-system' content='tesseract 3.04.00' />
  <meta name='ocr-capabilities' content='ocr_page ocr_carea ocr_par ocr_line ocrx_word'/>
</head>
<body>
  <div class='ocr_page' id='page_1' title='image "./demortecivili00unkngoog_0061.png"; bbox 0 0 3000 4917; ppageno 0'>
   <div class='ocr_carea' id='block_1_1' title="bbox 1326 371 2392 453">
    <p class='ocr_par' dir='ltr' id='par_1_1' title="bbox 1326 371 2392 453">
     <span class='ocr_line' id='line_1_1' title="bbox 1326 371 2392 453; baseline 0.011 -15"><span class='ocrx_word' id='word_1_1' title='bbox 1326 371 1570 438; x_wconf 49' lang='grc' dir='ltr'><strong>Ξ</strong></span> <span class='ocrx_word' id='word_1_2' title='bbox 2309 380 2392 453; x_wconf 73' lang='grc'>45</span> 
     </span>
    </p>
   </div>
   <div class='ocr_carea' id='block_1_2' title="bbox 412 544 2438 3425">
    <p class='ocr_par' dir='ltr' id='par_1_2' title="bbox 416 544 2438 1660">
     <span class='ocr_line' id='line_1_2' title="bbox 580 544 2384 643; baseline -0.003 -14"><span class='ocrx_word' id='word_1_3' title='bbox 580 544 821 629; x_wconf 81' lang='lat' dir='ltr'>Obstat·</span> <span class='ocrx_word' id='word_1_4' title='bbox 863 568 1059 627; x_wconf 86' lang='lat' dir='ltr'>autem</span> <span class='ocrx_word' id='word_1_5' title='bbox 1086 555 1341 623; x_wconf 82' lang='lat' dir='ltr'>-disertis</span> <span class='ocrx_word' id='word_1_6' title='bbox 1366 554 1596 625; x_wconf 82' lang='lat' dir='ltr'>&#39;verbis</span> <span class='ocrx_word' id='word_1_7' title='bbox 1645 554 1806 623; x_wconf 88' lang='lat' dir='ltr'>haud</span> <span class='ocrx_word' id='word_1_8' title='bbox 1859 572 1978 623; x_wconf 88' lang='lat' dir='ltr'>una</span> <span class='ocrx_word' id='word_1_9' title='bbox 2035 556 2135 643; x_wconf 75' lang='lat' dir='ltr'>rex</span> <span class='ocrx_word' id='word_1_10' title='bbox 2174 558 2310 642; x_wconf 75' lang='lat'>(43</span> <span class='ocrx_word' id='word_1_11' title='bbox 2327 557 2384 637; x_wconf 59' lang='grc' dir='ltr'>ξ.</span> 
     </span>
     <span class='ocr_line' id='line_1_3' title="bbox 416 656 2388 767; baseline -0.004 -11"><span class='ocrx_word' id='word_1_12' title='bbox 416 656 422 667; x_wconf 45' lang='grc'><strong>’</strong></span> <span class='ocrx_word' id='word_1_13' title='bbox 500 689 682 756; x_wconf 87' lang='lat' dir='ltr'><strong>Unde</strong></span> <span class='ocrx_word' id='word_1_14' title='bbox 706 678 1007 755; x_wconf 65' lang='lat' dir='ltr'>norman</span> <span class='ocrx_word' id='word_1_15' title='bbox 1042 676 1186 751; x_wconf 74' lang='lat' dir='ltr'>ha&#39;ec</span> <span class='ocrx_word' id='word_1_16' title='bbox 1220 683 1323 751; x_wconf 86' lang='lat' dir='ltr'>vix</span> <span class='ocrx_word' id='word_1_17' title='bbox 1352 670 1652 750; x_wconf 83' lang='lat' dir='ltr'>conciliari</span> <span class='ocrx_word' id='word_1_18' title='bbox 1682 702 1864 767; x_wconf 87' lang='lat' dir='ltr'>posse</span> <span class='ocrx_word' id='word_1_19' title='bbox 1896 681 1978 749; x_wconf 90' lang='lat' dir='ltr'>ait</span> <span class='ocrx_word' id='word_1_20' title='bbox 1997 729 2022 765; x_wconf 89' lang='lat'><strong>‚</strong></span> <span class='ocrx_word' id='word_1_21' title='bbox 2049 674 2388 751; x_wconf 76' lang='lat' dir='ltr'>verum&#39;m:</span> 
     </span>
     <span class='ocr_line' id='line_1_4' title="bbox 506 810 2438 895; baseline -0.003 -14"><span class='ocrx_word' id='word_1_22' title='bbox 506 834 741 882; x_wconf 63' lang='grc' dir='ltr'>ητα</span> <span class='ocrx_word' id='word_1_23' title='bbox 784 814 846 879; x_wconf 89' lang='lat' dir='ltr'>in</span> <span class='ocrx_word' id='word_1_24' title='bbox 880 813 1120 881; x_wconf 84' lang='lat' dir='ltr'>laudato</span> <span class='ocrx_word' id='word_1_25' title='bbox 1154 830 1339 895; x_wconf 88' lang='lat' dir='ltr'>opere</span> <span class='ocrx_word' id='word_1_26' title='bbox 1374 830 1498 878; x_wconf 89' lang='lat' dir='ltr'>rem</span> <span class='ocrx_word' id='word_1_27' title='bbox 1541 811 1853 894; x_wconf 85' lang='lat' dir='ltr'>explanare</span> <span class='ocrx_word' id='word_1_28' title='bbox 1895 810 2154 878; x_wconf 87' lang='lat' dir='ltr'>videtur.</span> <span class='ocrx_word' id='word_1_29' title='bbox 2238 811 2397 877; x_wconf 84' lang='lat' dir='ltr'>Ani·</span> <span class='ocrx_word' id='word_1_30' title='bbox 2433 884 2438 892; x_wconf 53' lang='grc'><strong><em>,</em></strong></span> 
     </span>
     <span class='ocr_line' id='line_1_5' title="bbox 508 937 2392 1022; baseline -0.001 -16"><span class='ocrx_word' id='word_1_31' title='bbox 508 942 823 1009; x_wconf 79' lang='lat' dir='ltr'>madvertit</span> <span class='ocrx_word' id='word_1_32' title='bbox 854 940 1009 1007; x_wconf 87' lang='lat' dir='ltr'>enim</span> <span class='ocrx_word' id='word_1_33' title='bbox 1027 987 1051 1022; x_wconf 89' lang='lat'><strong>,</strong></span> <span class='ocrx_word' id='word_1_34' title='bbox 1071 958 1145 1007; x_wconf 91' lang='lat' dir='ltr'>eo</span> <span class='ocrx_word' id='word_1_35' title='bbox 1163 954 1473 1022; x_wconf 87' lang='lat' dir='ltr'>tempore,</span> <span class='ocrx_word' id='word_1_36' title='bbox 1507 958 1636 1020; x_wconf 88' lang='lat' dir='ltr'>quo</span> <span class='ocrx_word' id='word_1_37' title='bbox 1651 956 2011 1005; x_wconf 58' lang='lat' dir='ltr'>arrianus</span> <span class='ocrx_word' id='word_1_38' title='bbox 2027 937 2215 1020; x_wconf 80' lang='lat' dir='ltr'>vixit,</span> <span class='ocrx_word' id='word_1_39' title='bbox 2238 956 2392 1005; x_wconf 88' lang='lat' dir='ltr'>non-</span> 
     </span>
     <span class='ocr_line' id='line_1_6' title="bbox 501 1064 2394 1155; baseline 0 -22"><span class='ocrx_word' id='word_1_40' title='bbox 501 1068 651 1134; x_wconf 91' lang='lat' dir='ltr'>dum</span> <span class='ocrx_word' id='word_1_41' title='bbox 676 1067 931 1135; x_wconf 85' lang='lat' dir='ltr'>valuisse</span> <span class='ocrx_word' id='word_1_42' title='bbox 958 1066 1109 1133; x_wconf 86' lang='lat' dir='ltr'>illud</span> <span class='ocrx_word' id='word_1_43' title='bbox 1124 1112 1152 1149; x_wconf 83' lang='lat'>‚</span> <span class='ocrx_word' id='word_1_44' title='bbox 1188 1064 1357 1147; x_wconf 86' lang='lat' dir='ltr'>quod</span> <span class='ocrx_word' id='word_1_45' title='bbox 1390 1066 1463 1131; x_wconf 92' lang='lat' dir='ltr'>de</span> <span class='ocrx_word' id='word_1_46' title='bbox 1508 1065 1646 1155; x_wconf 77' lang='lat' dir='ltr'>iure</span> <span class='ocrx_word' id='word_1_47' title='bbox 1686 1078 2035 1149; x_wconf 84' lang='lat' dir='ltr'>patronatus</span> <span class='ocrx_word' id='word_1_48' title='bbox 2069 1066 2145 1133; x_wconf 84' lang='lat' dir='ltr'>ad</span> <span class='ocrx_word' id='word_1_49' title='bbox 2167 1064 2394 1133; x_wconf 80' lang='lat' dir='ltr'>liberos</span> 
     </span>
     <span class='ocr_line' id='line_1_7' title="bbox 499 1192 2396 1275; baseline -0.001 -15"><span class='ocrx_word' id='word_1_50' title='bbox 499 1192 925 1262; x_wconf 83' lang='lat' dir='ltr'>transferendis</span> <span class='ocrx_word' id='word_1_51' title='bbox 938 1194 1327 1260; x_wconf 85' lang='lat' dir='ltr'>decreverunt</span> <span class='ocrx_word' id='word_1_52' title='bbox 1342 1208 1506 1257; x_wconf 75' lang='lat' dir='ltr'>save</span> <span class='ocrx_word' id='word_1_53' title='bbox 1516 1212 1640 1260; x_wconf 74' lang='lat' dir='ltr'>aus</span> <span class='ocrx_word' id='word_1_54' title='bbox 1659 1205 1720 1258; x_wconf 89' lang='lat' dir='ltr'>et</span> <span class='ocrx_word' id='word_1_55' title='bbox 1733 1210 2212 1275; x_wconf 66' lang='grc' dir='ltr'>οΑιιῐιΛοΑιιΑς</span> <span class='ocrx_word' id='word_1_56' title='bbox 2227 1192 2396 1274; x_wconf 86' lang='lat' dir='ltr'>quod</span> 
     </span>
     <span class='ocr_line' id='line_1_8' title="bbox 506 1317 2396 1405; baseline -0.002 -17"><span class='ocrx_word' id='word_1_57' title='bbox 506 1322 859 1405; x_wconf 86' lang='lat' dir='ltr'>rescriptum</span> <span class='ocrx_word' id='word_1_58' title='bbox 911 1336 1049 1390; x_wconf 89' lang='lat' dir='ltr'>eum</span> <span class='ocrx_word' id='word_1_59' title='bbox 1098 1319 1345 1387; x_wconf 79' lang='lat' dir='ltr'>caeterIs</span> <span class='ocrx_word' id='word_1_60' title='bbox 1390 1319 1738 1403; x_wconf 64' lang='lat' dir='ltr'>fragmentis</span> <span class='ocrx_word' id='word_1_61' title='bbox 1771 1318 1933 1385; x_wconf 87' lang='lat' dir='ltr'>basis</span> <span class='ocrx_word' id='word_1_62' title='bbox 1966 1317 2156 1385; x_wconf 85' lang='lat' dir='ltr'>fuisse</span> <span class='ocrx_word' id='word_1_63' title='bbox 2201 1318 2396 1386; x_wconf 81' lang='lat' dir='ltr'>videa-</span> 
     </span>
     <span class='ocr_line' id='line_1_9' title="bbox 500 1446 2396 1532; baseline -0.001 -18"><span class='ocrx_word' id='word_1_64' title='bbox 500 1464 604 1514; x_wconf 89' lang='lat' dir='ltr'>tur</span> <span class='ocrx_word' id='word_1_65' title='bbox 625 1495 648 1529; x_wconf 93' lang='lat'><strong>‚</strong></span> <span class='ocrx_word' id='word_1_66' title='bbox 694 1448 859 1515; x_wconf 85' lang='lat' dir='ltr'>nulla</span> <span class='ocrx_word' id='word_1_67' title='bbox 909 1466 1051 1514; x_wconf 91' lang='lat' dir='ltr'>sane</span> <span class='ocrx_word' id='word_1_68' title='bbox 1105 1446 1205 1513; x_wconf 88' lang='lat' dir='ltr'>hic</span> <span class='ocrx_word' id='word_1_69' title='bbox 1259 1446 1650 1532; x_wconf 81' lang='lat' dir='ltr'>repugnantia</span> <span class='ocrx_word' id='word_1_70' title='bbox 1704 1446 1812 1513; x_wconf 87' lang='lat' dir='ltr'>sed</span> <span class='ocrx_word' id='word_1_71' title='bbox 1864 1446 2167 1514; x_wconf 83' lang='lat' dir='ltr'>diversum</span> <span class='ocrx_word' id='word_1_72' title='bbox 2209 1446 2396 1513; x_wconf 87' lang='lat' dir='ltr'>modo</span> 
     </span>
     <span class='ocr_line' id='line_1_10' title="bbox 500 1570 1993 1660; baseline 0.001 -19"><span class='ocrx_word' id='word_1_73' title='bbox 500 1570 749 1659; x_wconf 79' lang='lat' dir='ltr'>propter</span> <span class='ocrx_word' id='word_1_74' title='bbox 820 1575 1110 1642; x_wconf 81' lang='lat' dir='ltr'>diversam</span> <span class='ocrx_word' id='word_1_75' title='bbox 1168 1589 1415 1641; x_wconf 88' lang='lat' dir='ltr'>aetatem</span> <span class='ocrx_word' id='word_1_76' title='bbox 1468 1577 1572 1660; x_wconf 83' lang='lat' dir='ltr'>ius</span> <span class='ocrx_word' id='word_1_77' title='bbox 1623 1582 1722 1641; x_wconf 77' lang='lat' dir='ltr'>est</span> <span class='ocrx_word' id='word_1_78' title='bbox 1779 1573 1993 1658; x_wconf 83' lang='grc'><strong>(44).</strong></span> 
     </span>
    </p>

    <p class='ocr_par' dir='ltr' id='par_1_3' title="bbox 412 1674 2398 3313">
     <span class='ocr_line' id='line_1_11' title="bbox 412 1674 2398 1786; baseline -0.001 -18"><span class='ocrx_word' id='word_1_79' title='bbox 412 1674 449 1695; x_wconf 51' lang='grc'>”</span> <span class='ocrx_word' id='word_1_80' title='bbox 588 1703 779 1769; x_wconf 87' lang='lat' dir='ltr'>Porro</span> <span class='ocrx_word' id='word_1_81' title='bbox 794 1729 825 1783; x_wconf 91' lang='lat'>‚·</span> <span class='ocrx_word' id='word_1_82' title='bbox 867 1720 1057 1783; x_wconf 88' lang='lat' dir='ltr'>quum</span> <span class='ocrx_word' id='word_1_83' title='bbox 1128 1701 1312 1769; x_wconf 85' lang='lat' dir='ltr'>fiscus</span> <span class='ocrx_word' id='word_1_84' title='bbox 1366 1701 1541 1769; x_wconf 86' lang='lat' dir='ltr'>etiam</span> <span class='ocrx_word' id='word_1_85' title='bbox 1591 1715 1737 1786; x_wconf 81' lang='lat' dir='ltr'>post</span> <span class='ocrx_word' id='word_1_86' title='bbox 1801 1715 2054 1767; x_wconf 88' lang='lat' dir='ltr'>mortem</span> <span class='ocrx_word' id='word_1_87' title='bbox 2104 1699 2398 1783; x_wconf 86' lang='lat' dir='ltr'>deportati</span> 
     </span>
     <span class='ocr_line' id='line_1_12' title="bbox 505 1797 2397 1913; baseline -0.003 -17"><span class='ocrx_word' id='word_1_88' title='bbox 505 1830 637 1913; x_wconf 80' lang='lat' dir='ltr'>ejus</span> <span class='ocrx_word' id='word_1_89' title='bbox 666 1829 824 1894; x_wconf 83' lang='lat' dir='ltr'>b&#39;ona</span> <span class='ocrx_word' id='word_1_90' title='bbox 848 1843 1170 1911; x_wconf 86' lang='lat' dir='ltr'>occuparet</span> <span class='ocrx_word' id='word_1_91' title='bbox 1189 1876 1213 1911; x_wconf 89' lang='lat'><strong>,</strong></span> <span class='ocrx_word' id='word_1_92' title='bbox 1232 1828 1588 1898; x_wconf 86' lang='lat' dir='ltr'>confiscatio</span> <span class='ocrx_word' id='word_1_93' title='bbox 1610 1828 1783 1894; x_wconf 88' lang='lat' dir='ltr'>etiam</span> <span class='ocrx_word' id='word_1_94' title='bbox 1801 1826 2085 1893; x_wconf 89' lang='lat' dir='ltr'>alienandi</span> <span class='ocrx_word' id='word_1_95' title='bbox 2099 1797 2356 1893; x_wconf 79' lang='lat' dir='ltr'>libertati</span> <span class='ocrx_word' id='word_1_96' title='bbox 2369 1871 2397 1908; x_wconf 83' lang='lat'>‚</span> 
     </span>
     <span class='ocr_line' id='line_1_13' title="bbox 507 1950 2398 2041; baseline -0.002 -18"><span class='ocrx_word' id='word_1_97' title='bbox 507 1974 659 2037; x_wconf 91' lang='lat' dir='ltr'>quae</span> <span class='ocrx_word' id='word_1_98' title='bbox 672 1950 735 2021; x_wconf 82' lang='lat' dir='ltr'>&#39;ei</span> <span class='ocrx_word' id='word_1_99' title='bbox 761 1955 1145 2038; x_wconf 82' lang='lat' dir='ltr'>caeteroquin</span> <span class='ocrx_word' id='word_1_100' title='bbox 1176 1974 1249 2022; x_wconf 87' lang='lat' dir='ltr'>ex</span> <span class='ocrx_word' id='word_1_101' title='bbox 1294 1957 1319 2041; x_wconf 85' lang='lat' dir='ltr'><strong>j</strong></span> <span class='ocrx_word' id='word_1_102' title='bbox 1325 1976 1429 2023; x_wconf 94' lang='lat' dir='ltr'>ure</span> <span class='ocrx_word' id='word_1_103' title='bbox 1465 1954 1730 2041; x_wconf 86' lang='lat' dir='ltr'>gentium</span> <span class='ocrx_word' id='word_1_104' title='bbox 1761 1954 2140 2038; x_wconf 86' lang='lat' dir='ltr'>competebat</span> <span class='ocrx_word' id='word_1_105' title='bbox 2157 1996 2182 2038; x_wconf 65' lang='lat'>2</span> <span class='ocrx_word' id='word_1_106' title='bbox 2200 1952 2398 2019; x_wconf 87' lang='lat' dir='ltr'>termi-</span> 
     </span>
     <span class='ocr_line' id='line_1_14' title="bbox 505 2080 2398 2166; baseline 0 -20"><span class='ocrx_word' id='word_1_107' title='bbox 505 2100 619 2149; x_wconf 87' lang='lat' dir='ltr'>nos</span> <span class='ocrx_word' id='word_1_108' title='bbox 642 2080 875 2165; x_wconf 85' lang='lat' dir='ltr'>posuit.</span> <span class='ocrx_word' id='word_1_109' title='bbox 942 2080 1139 2164; x_wconf 87' lang='lat' dir='ltr'>Supra</span> <span class='ocrx_word' id='word_1_110' title='bbox 1172 2080 1333 2147; x_wconf 90' lang='lat' dir='ltr'>enim</span> <span class='ocrx_word' id='word_1_111' title='bbox 1376 2082 1633 2150; x_wconf 86' lang='lat' dir='ltr'>vidimus</span> <span class='ocrx_word' id='word_1_112' title='bbox 1673 2101 1810 2149; x_wconf 90' lang='lat' dir='ltr'>eum</span> <span class='ocrx_word' id='word_1_113' title='bbox 1843 2095 1906 2148; x_wconf 90' lang='lat' dir='ltr'>et</span> <span class='ocrx_word' id='word_1_114' title='bbox 1919 2080 2156 2166; x_wconf 85' lang='lat' dir='ltr'>pignori</span> <span class='ocrx_word' id='word_1_115' title='bbox 2177 2082 2314 2148; x_wconf 89' lang='lat' dir='ltr'>dare</span> <span class='ocrx_word' id='word_1_116' title='bbox 2335 2095 2398 2147; x_wconf 90' lang='lat' dir='ltr'>et</span> 
     </span>
     <span class='ocr_line' id='line_1_15' title="bbox 500 2206 2392 2290; baseline 0.002 -16"><span class='ocrx_word' id='word_1_117' title='bbox 500 2210 727 2275; x_wconf 88' lang='lat' dir='ltr'>donare</span> <span class='ocrx_word' id='word_1_118' title='bbox 774 2206 1047 2289; x_wconf 82' lang='lat' dir='ltr'>potuisse</span> <span class='ocrx_word' id='word_1_119' title='bbox 1067 2253 1091 2287; x_wconf 89' lang='lat'>‚</span> <span class='ocrx_word' id='word_1_120' title='bbox 1158 2208 1267 2273; x_wconf 88' lang='lat' dir='ltr'>sed</span> <span class='ocrx_word' id='word_1_121' title='bbox 1314 2207 1634 2276; x_wconf 82' lang='lat' dir='ltr'>cavebatur</span> <span class='ocrx_word' id='word_1_122' title='bbox 1655 2256 1678 2290; x_wconf 93' lang='lat'><strong>‚</strong></span> <span class='ocrx_word' id='word_1_123' title='bbox 1737 2228 1816 2275; x_wconf 88' lang='lat' dir='ltr'>ne</span> <span class='ocrx_word' id='word_1_124' title='bbox 1853 2211 1974 2277; x_wconf 89' lang='lat' dir='ltr'>hoc</span> <span class='ocrx_word' id='word_1_125' title='bbox 2022 2211 2088 2277; x_wconf 89' lang='lat' dir='ltr'>in</span> <span class='ocrx_word' id='word_1_126' title='bbox 2119 2209 2392 2277; x_wconf 87' lang='lat' dir='ltr'>fraudem</span> 
     </span>
     <span class='ocr_line' id='line_1_16' title="bbox 500 2333 2390 2423; baseline 0.002 -22"><span class='ocrx_word' id='word_1_127' title='bbox 500 2333 635 2401; x_wconf 86' lang='lat' dir='ltr'>fisci</span> <span class='ocrx_word' id='word_1_128' title='bbox 683 2333 853 2400; x_wconf 89' lang='lat' dir='ltr'>fieret</span> <span class='ocrx_word' id='word_1_129' title='bbox 868 2379 893 2414; x_wconf 90' lang='lat'>,</span> <span class='ocrx_word' id='word_1_130' title='bbox 953 2349 1325 2417; x_wconf 89' lang='lat' dir='ltr'>quapropter</span> <span class='ocrx_word' id='word_1_131' title='bbox 1380 2334 1643 2403; x_wconf 88' lang='lat' dir='ltr'>donandi</span> <span class='ocrx_word' id='word_1_132' title='bbox 1690 2339 1793 2423; x_wconf 84' lang='lat' dir='ltr'>J&#39;us</span> <span class='ocrx_word' id='word_1_133' title='bbox 1857 2356 2036 2405; x_wconf 89' lang='lat' dir='ltr'>omne</span> <span class='ocrx_word' id='word_1_134' title='bbox 2084 2338 2390 2408; x_wconf 86' lang='lat' dir='ltr'>sublatum</span> 
     </span>
     <span class='ocr_line' id='line_1_17' title="bbox 495 2459 2388 2546; baseline 0.002 -18"><span class='ocrx_word' id='word_1_135' title='bbox 495 2461 689 2529; x_wconf 75' lang='lat' dir='ltr'>fuisse</span> <span class='ocrx_word' id='word_1_136' title='bbox 719 2459 1107 2545; x_wconf 84' lang='lat' dir='ltr'>intelligitur:</span> <span class='ocrx_word' id='word_1_137' title='bbox 1151 2478 1278 2535; x_wconf 89' lang='lat' dir='ltr'>non</span> <span class='ocrx_word' id='word_1_138' title='bbox 1327 2460 1485 2527; x_wconf 87' lang='lat' dir='ltr'>enim</span> <span class='ocrx_word' id='word_1_139' title='bbox 1525 2462 1672 2529; x_wconf 88' lang='lat' dir='ltr'>illud</span> <span class='ocrx_word' id='word_1_140' title='bbox 1690 2511 1714 2546; x_wconf 90' lang='lat'><strong>,</strong></span> <span class='ocrx_word' id='word_1_141' title='bbox 1753 2465 1921 2546; x_wconf 90' lang='lat' dir='ltr'>quod</span> <span class='ocrx_word' id='word_1_142' title='bbox 1970 2464 2254 2533; x_wconf 88' lang='lat' dir='ltr'>donatum</span> <span class='ocrx_word' id='word_1_143' title='bbox 2294 2480 2388 2531; x_wconf 87' lang='lat' dir='ltr'>est</span> 
     </span>
     <span class='ocr_line' id='line_1_18' title="bbox 495 2590 2393 2678; baseline 0.002 -21"><span class='ocrx_word' id='word_1_144' title='bbox 495 2592 570 2657; x_wconf 86' lang='lat' dir='ltr'>ad</span> <span class='ocrx_word' id='word_1_145' title='bbox 596 2590 887 2659; x_wconf 88' lang='lat' dir='ltr'>aerarium</span> <span class='ocrx_word' id='word_1_146' title='bbox 921 2590 1221 2673; x_wconf 85' lang='lat' dir='ltr'>pervenit.</span> <span class='ocrx_word' id='word_1_147' title='bbox 1344 2590 1494 2657; x_wconf 91' lang='lat' dir='ltr'>Non</span> <span class='ocrx_word' id='word_1_148' title='bbox 1551 2606 1748 2659; x_wconf 82' lang='lat' dir='ltr'>errant</span> <span class='ocrx_word' id='word_1_149' title='bbox 1764 2640 1788 2675; x_wconf 89' lang='lat'><strong>,</strong></span> <span class='ocrx_word' id='word_1_150' title='bbox 1844 2594 1950 2674; x_wconf 91' lang='lat' dir='ltr'>qui</span> <span class='ocrx_word' id='word_1_151' title='bbox 2005 2594 2227 2661; x_wconf 88' lang='lat' dir='ltr'>donare</span> <span class='ocrx_word' id='word_1_152' title='bbox 2279 2613 2393 2678; x_wconf 88' lang='lat' dir='ltr'>po·</span> 
     </span>
     <span class='ocr_line' id='line_1_19' title="bbox 495 2716 2388 2801; baseline 0.003 -18"><span class='ocrx_word' id='word_1_153' title='bbox 495 2717 687 2785; x_wconf 89' lang='lat' dir='ltr'>tuisse</span> <span class='ocrx_word' id='word_1_154' title='bbox 751 2716 1017 2783; x_wconf 86' lang='lat' dir='ltr'>exsulem</span> <span class='ocrx_word' id='word_1_155' title='bbox 1088 2730 1305 2801; x_wconf 89' lang='lat' dir='ltr'>negant</span> <span class='ocrx_word' id='word_1_156' title='bbox 1322 2763 1347 2798; x_wconf 90' lang='lat'>‚</span> <span class='ocrx_word' id='word_1_157' title='bbox 1434 2717 1545 2783; x_wconf 87' lang='lat' dir='ltr'>sed</span> <span class='ocrx_word' id='word_1_158' title='bbox 1615 2718 1698 2783; x_wconf 92' lang='lat' dir='ltr'>illi</span> <span class='ocrx_word' id='word_1_159' title='bbox 1720 2766 1745 2801; x_wconf 90' lang='lat'>‚</span> <span class='ocrx_word' id='word_1_160' title='bbox 1816 2720 1924 2801; x_wconf 89' lang='lat' dir='ltr'>qui</span> <span class='ocrx_word' id='word_1_161' title='bbox 1983 2720 2104 2787; x_wconf 90' lang='lat' dir='ltr'>hoc</span> <span class='ocrx_word' id='word_1_162' title='bbox 2166 2720 2388 2789; x_wconf 81' lang='lat' dir='ltr'>amisso</span> 
     </span>
     <span class='ocr_line' id='line_1_20' title="bbox 493 2842 2387 2930; baseline 0.002 -20"><span class='ocrx_word' id='word_1_163' title='bbox 493 2843 613 2927; x_wconf 81' lang='lat' dir='ltr'>juri</span> <span class='ocrx_word' id='word_1_164' title='bbox 678 2844 837 2910; x_wconf 89' lang='lat' dir='ltr'>civili</span> <span class='ocrx_word' id='word_1_165' title='bbox 904 2842 1201 2911; x_wconf 85' lang='lat' dir='ltr'>tribuunt.</span> <span class='ocrx_word' id='word_1_166' title='bbox 1302 2844 1393 2910; x_wconf 87' lang='lat' dir='ltr'>At</span> <span class='ocrx_word' id='word_1_167' title='bbox 1452 2862 1581 2912; x_wconf 91' lang='lat' dir='ltr'>non</span> <span class='ocrx_word' id='word_1_168' title='bbox 1633 2860 1865 2913; x_wconf 88' lang='lat' dir='ltr'>tantum</span> <span class='ocrx_word' id='word_1_169' title='bbox 1923 2847 1999 2912; x_wconf 90' lang='lat' dir='ltr'>de</span> <span class='ocrx_word' id='word_1_170' title='bbox 2031 2848 2208 2914; x_wconf 88' lang='lat' dir='ltr'>bonis</span> <span class='ocrx_word' id='word_1_171' title='bbox 2241 2868 2387 2930; x_wconf 87' lang='lat' dir='ltr'>pos-</span> 
     </span>
     <span class='ocr_line' id='line_1_21' title="bbox 500 2970 2381 3056; baseline 0.003 -23"><span class='ocrx_word' id='word_1_172' title='bbox 500 2986 595 3035; x_wconf 88' lang='lat' dir='ltr'>tea</span> <span class='ocrx_word' id='word_1_173' title='bbox 646 2970 955 3051; x_wconf 85' lang='lat' dir='ltr'>adquisitis</span> <span class='ocrx_word' id='word_1_174' title='bbox 1002 2970 1085 3037; x_wconf 88' lang='lat' dir='ltr'>ita</span> <span class='ocrx_word' id='word_1_175' title='bbox 1133 2970 1455 3052; x_wconf 87' lang='lat' dir='ltr'>disponere</span> <span class='ocrx_word' id='word_1_176' title='bbox 1505 2972 1938 3054; x_wconf 89' lang='lat' dir='ltr'>prohibebatur</span> <span class='ocrx_word' id='word_1_177' title='bbox 1956 3019 1980 3054; x_wconf 89' lang='lat'>‚</span> <span class='ocrx_word' id='word_1_178' title='bbox 2013 2972 2122 3037; x_wconf 88' lang='lat' dir='ltr'>sed</span> <span class='ocrx_word' id='word_1_179' title='bbox 2166 2974 2337 3039; x_wconf 88' lang='lat' dir='ltr'>etiam</span> <span class='ocrx_word' id='word_1_180' title='bbox 2357 3022 2381 3056; x_wconf 89' lang='lat'>‚</span> 
     </span>
     <span class='ocr_line' id='line_1_22' title="bbox 501 3095 2382 3180; baseline 0.003 -19"><span class='ocrx_word' id='word_1_181' title='bbox 501 3096 655 3175; x_wconf 87' lang='lat' dir='ltr'>quae</span> <span class='ocrx_word' id='word_1_182' title='bbox 700 3110 836 3163; x_wconf 90' lang='lat' dir='ltr'>ante</span> <span class='ocrx_word' id='word_1_183' title='bbox 884 3095 1441 3164; x_wconf 87' lang='lat' dir='ltr'>condemnationem</span> <span class='ocrx_word' id='word_1_184' title='bbox 1508 3098 1856 3179; x_wconf 84' lang='lat' dir='ltr'>suspicione</span> <span class='ocrx_word' id='word_1_185' title='bbox 1917 3116 2148 3180; x_wconf 85' lang='lat' dir='ltr'>poenae</span> <span class='ocrx_word' id='word_1_186' title='bbox 2203 3100 2382 3167; x_wconf 82' lang='lat' dir='ltr'>titulo</span> 
     </span>
     <span class='ocr_line' id='line_1_23' title="bbox 494 3221 2218 3313; baseline 0.003 -26"><span class='ocrx_word' id='word_1_187' title='bbox 494 3221 783 3292; x_wconf 85' lang='lat' dir='ltr'>lucrativo</span> <span class='ocrx_word' id='word_1_188' title='bbox 829 3224 1078 3293; x_wconf 85' lang='lat' dir='ltr'>alienata</span> <span class='ocrx_word' id='word_1_189' title='bbox 1131 3222 1369 3293; x_wconf 89' lang='lat' dir='ltr'>fuerant</span> <span class='ocrx_word' id='word_1_190' title='bbox 1383 3268 1431 3305; x_wconf 85' lang='lat'>,.</span> <span class='ocrx_word' id='word_1_191' title='bbox 1470 3222 1962 3292; x_wconf 86' lang='lat' dir='ltr'>rescindebantur</span> <span class='ocrx_word' id='word_1_192' title='bbox 2003 3225 2218 3313; x_wconf 84' lang='grc'><strong>(45).</strong></span> 
     </span>
    </p>

    <p class='ocr_par' dir='ltr' id='par_1_4' title="bbox 2268 3358 2383 3425">
     <span class='ocr_line' id='line_1_24' title="bbox 2268 3358 2383 3425; baseline 0.009 -1"><span class='ocrx_word' id='word_1_193' title='bbox 2268 3358 2383 3425; x_wconf 89' lang='lat' dir='ltr'>Su·</span> 
     </span>
    </p>
   </div>
   <div class='ocr_carea' id='block_1_3' title="bbox 494 3498 2371 3733">
    <p class='ocr_par' dir='ltr' id='par_1_5' title="bbox 494 3498 2371 3733">
     <span class='ocr_line' id='line_1_25' title="bbox 587 3498 2371 3565; baseline 0.001 -12"><span class='ocrx_word' id='word_1_194' title='bbox 587 3498 737 3565; x_wconf 69' lang='lat'>(43)</span> <span class='ocrx_word' id='word_1_195' title='bbox 766 3500 837 3553; x_wconf 78' lang='lat' dir='ltr'>L.</span> <span class='ocrx_word' id='word_1_196' title='bbox 871 3510 897 3549; x_wconf 77' lang='grc' dir='ltr'>ι</span> <span class='ocrx_word' id='word_1_197' title='bbox 933 3509 986 3551; x_wconf 78' lang='lat' dir='ltr'>ee</span> <span class='ocrx_word' id='word_1_198' title='bbox 1016 3500 1089 3553; x_wconf 77' lang='lat' dir='ltr'>L.</span> <span class='ocrx_word' id='word_1_199' title='bbox 1135 3514 1190 3563; x_wconf 87' lang='grc'>4.</span> <span class='ocrx_word' id='word_1_200' title='bbox 1215 3498 1277 3563; x_wconf 81' lang='lat' dir='ltr'>ff.</span> <span class='ocrx_word' id='word_1_201' title='bbox 1320 3500 1386 3548; x_wconf 75' lang='lat' dir='ltr'>de</span> <span class='ocrx_word' id='word_1_202' title='bbox 1405 3498 1545 3558; x_wconf 78' lang='lat' dir='ltr'>Jure</span> <span class='ocrx_word' id='word_1_203' title='bbox 1574 3500 1908 3551; x_wconf 75' lang='lat' dir='ltr'>Patronatus</span> <span class='ocrx_word' id='word_1_204' title='bbox 1934 3500 2004 3553; x_wconf 78' lang='lat' dir='ltr'>L.</span> <span class='ocrx_word' id='word_1_205' title='bbox 2055 3516 2104 3557; x_wconf 86' lang='lat'>1.</span> <span class='ocrx_word' id='word_1_206' title='bbox 2148 3500 2280 3560; x_wconf 67' lang='lat' dir='ltr'>Col.</span> <span class='ocrx_word' id='word_1_207' title='bbox 2306 3506 2371 3556; x_wconf 75' lang='lat' dir='ltr'>de</span> 
     </span>
     <span class='ocr_line' id='line_1_26' title="bbox 494 3583 2028 3648; baseline 0.001 -12"><span class='ocrx_word' id='word_1_208' title='bbox 494 3583 640 3637; x_wconf 62' lang='lat' dir='ltr'>bonis</span> <span class='ocrx_word' id='word_1_209' title='bbox 687 3584 999 3636; x_wconf 66' lang='lat' dir='ltr'>libertorum</span> <span class='ocrx_word' id='word_1_210' title='bbox 1045 3585 1114 3636; x_wconf 88' lang='lat' dir='ltr'>L.</span> <span class='ocrx_word' id='word_1_211' title='bbox 1166 3602 1221 3648; x_wconf 85' lang='lat'>9.</span> <span class='ocrx_word' id='word_1_212' title='bbox 1262 3583 1329 3647; x_wconf 82' lang='lat' dir='ltr'>ff.</span> <span class='ocrx_word' id='word_1_213' title='bbox 1363 3584 1437 3634; x_wconf 79' lang='lat' dir='ltr'>ad</span> <span class='ocrx_word' id='word_1_214' title='bbox 1478 3584 1617 3648; x_wconf 73' lang='lat' dir='ltr'>Leg.</span> <span class='ocrx_word' id='word_1_215' title='bbox 1655 3584 1776 3643; x_wconf 80' lang='lat' dir='ltr'>Jul.</span> <span class='ocrx_word' id='word_1_216' title='bbox 1810 3585 2028 3648; x_wconf 68' lang='lat' dir='ltr'>maiest-</span> 
     </span>
     <span class='ocr_line' id='line_1_27' title="bbox 588 3666 1904 3733; baseline 0.005 -16"><span class='ocrx_word' id='word_1_217' title='bbox 588 3666 745 3733; x_wconf 79' lang='grc'><strong>(44)</strong></span> <span class='ocrx_word' id='word_1_218' title='bbox 784 3668 1031 3719; x_wconf 57' lang='lat' dir='ltr'>Pomm&amp;</span> <span class='ocrx_word' id='word_1_219' title='bbox 1076 3668 1129 3717; x_wconf 75' lang='lat' dir='ltr'>in</span> <span class='ocrx_word' id='word_1_220' title='bbox 1175 3666 1290 3719; x_wconf 69' lang='lat' dir='ltr'>Tit.</span> <span class='ocrx_word' id='word_1_221' title='bbox 1336 3667 1401 3715; x_wconf 75' lang='lat' dir='ltr'>de</span> <span class='ocrx_word' id='word_1_222' title='bbox 1446 3666 1636 3721; x_wconf 76' lang='lat' dir='ltr'>Poenis</span> <span class='ocrx_word' id='word_1_223' title='bbox 1678 3669 1779 3718; x_wconf 81' lang='lat' dir='ltr'>No·</span> <span class='ocrx_word' id='word_1_224' title='bbox 1825 3667 1904 3723; x_wconf 83' lang='lat'>16.</span> 
     </span>
    </p>
   </div>
   <div class='ocr_carea' id='block_1_4' title="bbox 496 3748 2366 3903">
    <p class='ocr_par' dir='ltr' id='par_1_6' title="bbox 496 3748 2366 3903">
     <span class='ocr_line' id='line_1_28' title="bbox 590 3748 2366 3817; baseline 0.001 -16"><span class='ocrx_word' id='word_1_225' title='bbox 590 3752 746 3817; x_wconf 75' lang='lat'><strong>(⁴5)</strong></span> <span class='ocrx_word' id='word_1_226' title='bbox 785 3748 912 3801; x_wconf 82' lang='lat' dir='ltr'>vid.</span> <span class='ocrx_word' id='word_1_227' title='bbox 944 3763 991 3811; x_wconf 81' lang='lat' dir='ltr'>J.</span> <span class='ocrx_word' id='word_1_228' title='bbox 1036 3763 1089 3803; x_wconf 72' lang='lat' dir='ltr'>r·</span> <span class='ocrx_word' id='word_1_229' title='bbox 1122 3762 1197 3800; x_wconf 72' lang='lat' dir='ltr'>nn</span> <span class='ocrx_word' id='word_1_230' title='bbox 1230 3762 1411 3803; x_wconf 67' lang='lat' dir='ltr'>aaran</span> <span class='ocrx_word' id='word_1_231' title='bbox 1443 3752 1497 3801; x_wconf 74' lang='lat' dir='ltr'>t’n</span> <span class='ocrx_word' id='word_1_232' title='bbox 1531 3752 1686 3803; x_wconf 78' lang='lat' dir='ltr'>Dtss.</span> <span class='ocrx_word' id='word_1_233' title='bbox 1721 3754 1872 3802; x_wconf 72' lang='lat' dir='ltr'>laud.</span> <span class='ocrx_word' id='word_1_234' title='bbox 1910 3754 1980 3809; x_wconf 81' lang='lat' dir='ltr'>L.</span> <span class='ocrx_word' id='word_1_235' title='bbox 2013 3754 2089 3809; x_wconf 86' lang='lat'>11.</span> <span class='ocrx_word' id='word_1_236' title='bbox 2124 3760 2179 3809; x_wconf 78' lang='lat' dir='ltr'>in</span> <span class='ocrx_word' id='word_1_237' title='bbox 2212 3758 2366 3811; x_wconf 69' lang='lat' dir='ltr'>addi.</span> 
     </span>
     <span class='ocr_line' id='line_1_29' title="bbox 496 3830 2066 3903; baseline 0.004 -15"><span class='ocrx_word' id='word_1_238' title='bbox 496 3834 635 3888; x_wconf 71' lang='lat' dir='ltr'>tione</span> <span class='ocrx_word' id='word_1_239' title='bbox 662 3832 737 3884; x_wconf 74' lang='lat' dir='ltr'>ad</span> <span class='ocrx_word' id='word_1_240' title='bbox 777 3830 849 3888; x_wconf 80' lang='lat' dir='ltr'>L.</span> <span class='ocrx_word' id='word_1_241' title='bbox 895 3846 945 3887; x_wconf 77' lang='grc' dir='ltr'>ι.</span> <span class='ocrx_word' id='word_1_242' title='bbox 988 3832 1053 3896; x_wconf 74' lang='lat' dir='ltr'>ff·</span> <span class='ocrx_word' id='word_1_243' title='bbox 1098 3833 1163 3884; x_wconf 78' lang='lat' dir='ltr'>de</span> <span class='ocrx_word' id='word_1_244' title='bbox 1198 3830 1417 3887; x_wconf 61' lang='lat' dir='ltr'>Tneerae.</span> <span class='ocrx_word' id='word_1_245' title='bbox 1466 3834 1594 3888; x_wconf 78' lang='lat' dir='ltr'>Ret.</span> <span class='ocrx_word' id='word_1_246' title='bbox 1639 3848 1693 3887; x_wconf 79' lang='lat' dir='ltr'>et</span> <span class='ocrx_word' id='word_1_247' title='bbox 1726 3839 2066 3903; x_wconf 65' lang='lat' dir='ltr'>Deponunt.</span> 
     </span>
    </p>
   </div>
   <div class='ocr_carea' id='block_1_5' title="bbox 587 3916 2368 4086">
    <p class='ocr_par' dir='ltr' id='par_1_7' title="bbox 587 3916 2368 4086">
     <span class='ocr_line' id='line_1_30' title="bbox 587 3916 2362 3983; baseline 0.001 -13"><span class='ocrx_word' id='word_1_248' title='bbox 587 3916 744 3983; x_wconf 78' lang='lat'>(46)</span> <span class='ocrx_word' id='word_1_249' title='bbox 784 3918 854 3973; x_wconf 87' lang='lat' dir='ltr'>L.</span> <span class='ocrx_word' id='word_1_250' title='bbox 887 3928 966 3978; x_wconf 80' lang='grc'>15.</span> <span class='ocrx_word' id='word_1_251' title='bbox 1003 3925 1057 3969; x_wconf 71' lang='lat' dir='ltr'>et</span> <span class='ocrx_word' id='word_1_252' title='bbox 1103 3918 1172 3971; x_wconf 85' lang='grc' dir='ltr'>Ι..</span> <span class='ocrx_word' id='word_1_253' title='bbox 1207 3930 1289 3980; x_wconf 68' lang='grc'>31.</span> <span class='ocrx_word' id='word_1_254' title='bbox 1318 3918 1387 3982; x_wconf 74' lang='lat' dir='ltr'>ff.</span> <span class='ocrx_word' id='word_1_255' title='bbox 1433 3920 1498 3969; x_wconf 76' lang='lat' dir='ltr'>de</span> <span class='ocrx_word' id='word_1_256' title='bbox 1541 3920 1905 3976; x_wconf 72' lang='lat' dir='ltr'>donationibus</span> <span class='ocrx_word' id='word_1_257' title='bbox 1949 3925 2216 3977; x_wconf 74' lang='lat' dir='ltr'>novissima</span> <span class='ocrx_word' id='word_1_258' title='bbox 2251 3924 2362 3973; x_wconf 70' lang='lat' dir='ltr'>leae</span> 
     </span>
     <span class='ocr_line' id='line_1_31' title="bbox 1498 4004 2368 4086; baseline -0.002 -31"><span class='ocrx_word' id='word_1_259' title='bbox 1498 4004 1549 4069; x_wconf 85' lang='lat' dir='ltr'>F</span> <span class='ocrx_word' id='word_1_260' title='bbox 1595 4024 1632 4086; x_wconf 80' lang='lat'>3</span> <span class='ocrx_word' id='word_1_261' title='bbox 2314 4004 2368 4055; x_wconf 77' lang='lat' dir='ltr'>in</span> 
     </span>
    </p>
   </div>
  </div>
 </body>
</html>
