3000 4917
404 591 547 658 post
574 576 785 661 capitis
814 575 1207 645 minutionem
1241 572 1566 659 susceptos
1598 590 1766 661 pater
1783 626 1808 661 ‚
1841 580 1924 645 ita
1957 592 2029 647 ut
2050 582 2304 648 naturali

403 718 637 771 tantum
690 704 1040 771 auctoritate
1110 717 1378 771 uteretur
1394 751 1421 788 ‚
1495 725 1660 788 quae.
1693 708 1856 775 nulla
1915 708 2052 791 lege
2119 708 2306 775 adimi

396 844 626 913 potest.
725 830 983 914 Reliqua
1054 830 1212 898 enim
1272 833 1407 917 jura
1499 833 1762 916 pendent
1827 854 1866 900 a
1918 832 2190 903 moribus
2235 848 2300 901 et

394 958 531 1042 jure
583 956 833 1042 alicujus
892 956 1187 1042 civitatis3
1254 959 1511 1026 extorris
1561 978 1708 1027 vero
1744 961 1970 1027 nullam
2015 960 2298 1029 habebat.

399 1083 553 1150 Non
621 1085 807 1169 igitur
856 1102 1067 1171 magna
1130 1086 1453 1155 verborum
1502 1087 1684 1171 copia
1721 1086 2074 1170 requiritur.
2092 1100 2166 1154 ut
2197 1106 2302 1155 os·

403 1212 681 1279 tendatur
697 1259 722 1294 ‚
774 1212 1005 1280 insulae
1047 1212 1295 1283 vinculo
1364 1212 1689 1298 adoptandi
1732 1232 1802 1280 ac
1852 1214 2306 1281 manumittenti

398 1338 735 1408 facultatem
810 1340 1087 1424 periisse.
1204 1340 1367 1407 Nam
1432 1341 1548 1409 etsi
1620 1342 1741 1408 hoc
1808 1340 2002 1426 magis
2037 1340 2154 1407 ·ad
2195 1342 2330 1431 jus·

400 1467 665 1551 gentium
718 1469 1049 1537 universale
1107 1468 1401 1552 pertinere
1452 1468 1778 1552 videatur,·
1826 1481 2024 1535 tamen
2068 1465 2300 1535 formae

396 1588 579 1677 atq‘ue
646 1594 1055 1661 solemnitates
1117 1614 1194 1661 ex
1254 1595 1401 1681 Jure
1447 1595 1638 1663 civili
1687 1594 2067 1665 hauriuntur.
2151 1594 2300 1661 Fin-

396 1738 611 1803 gamus
674 1732 795 1797 (ut
856 1722 1131 1804 exemplo
1189 1740 1287 1786 res
1372 1721 1758 1805 illusa-etur)
1821 1738 1895 1787 c.
1954 1734 2302 1786 nemim

401 1846 525 1912 sub
598 1842 957 1915 caesai-ibus
1030 1847 1225 1915 insula
1286 1845 1585 1913 inclusum
1652 1843 1884 1911 fuisset
1943 1860 2072 1910 non
2117 1842 2306 1927 igitur

395 1972 695 2040 Patrensis
739 1972 889 2041 civis
929 1972 1057 2039 fieri
1105 1971 1409 2057 potuisset
1441 1973 1551 2039 sed
1588 1970 1840 2039 extorris
1893 1950 2300 2037 conditionem

397 2114 643 2167 secutus
679 2098 927 2170 fuisset.
958 2098 1223 2169 Ubinam
1255 2118 1483 2183 quaeso
1522 2099 1620 2190 lex
1644 2143 1672 2180 ‚
1701 2118 1822 2181 qua
1851 2096 2162 2181 adoptaret
2194 2098 2296 2166 vel

395 2244 635 2294 servum
690 2226 1162 2309 manumitteret3
1219 2226 1451 2291 etiamsi
1499 2226 1748 2292 dixisset
1761 2271 1787 2306 ,
1821 2224 1972 2289 libet
1999 2237 2136 2289 esto
2152 2269 2178 2305 ‚
2211 2242 2295 2291 an

398 2350 589 2421 clvem
642 2354 740 2421 vel
791 2352 1077 2421 Latinum
1137 2353 1236 2419 vel
1294 2351 1626 2419 dedititium
1659 2368 1794 2419 eum
1829 2348 2022 2418 fuisse
2051 2348 2298 2417 arbitre-

402 2479 585 2547 mur?
665 2469 1066 2563 Nequaqiiam
1086 2478 1235 2564 Jure
1266 2478 1540 2563 gentium
1577 2478 1724 2547 haec
1749 2476 2018 2563 cognita.
2059 2558 2066 2565 ,
2100 2475 2292 2559 Igitur
2341 2455 2346 2464 ’

396 2623 527 2673 non
594 2607 843 2675 ulterior
915 2605 1136 2676 fuisset
1197 2608 1253 2673 ei
1307 2606 1560 2674 facultas
1629 2624 1808 2689 quam
1828 2652 1853 2689 ‚
1930 2623 2012 2673 ne
2077 2625 2292 2693 operas
2343 2660 2353 2667 .

390 2732 467 2800 ab
516 2751 593 2800 eo
630 2734 845 2819 exigat.

482 2859 607 2927 Sed
660 2875 722 2927 et
748 2860 977 2930 insulae
1009 2862 1317 2929 vinculum
1347 2862 1413 2929 in
1439 2860 1776 2929 testamenti
1806 2859 2072 2927 factione
2103 2859 2292 2927 multa

401 2986 655 3053 mutavit
674 3032 699 3067 ,
760 2986 867 3067 qui
938 2988 1095 3053 enim
1160 2986 1306 3052 olim
1377 2988 1714 3053 secundum
1780 3002 1975 3052 novae
2041 2982 2296 3050 civitatis

389 3115 499 3200 jus
552 3110 757 3177 testari
799 3126 1076 3195 poterat,
1124 3112 1244 3195 iam
1276 3112 1443 3179 omni
1488 3114 1677 3177 modo
1718 3129 1756 3175 a
1793 3109 1898 3175 tali
1951 3122 2090 3175 actu
2131 3095 2328 3177 arce-⁶

393 3239 575 3305 batur
641 3239 819 3323 (16⁸.
920 3237 1081 3303 Nam
1148 3256 1291 3303 cum
1360 3234 1700 3302 testamenti
1757 3231 1959 3299 -factio
2016 3234 2110 3299 in.
2145 3234 2293 3317 Jure

395 3367 679 3434 Romano
747 3382 877 3432 non
944 3363 1061 3431 nisi
1130 3362 1363 3430 civibus
1423 3374 1584 3428 esset
1633 3366 1917 3445 concessa
1935 3406 1960 3441 ‚
2019 3359 2292 3442 deporta-

396 3508 505 3561 tus
556 3512 685 3561 eam
734 3489 951 3577 capitis
1004 3489 1337 3559 minutione
1378 3488 1653 3557 amiserat
1695 3492 1764 3576 (ι
1773 3493 1874 3573 7).
1964 3486 2299 3585 Contendit

2213 3630 2300 3684 ta-

495 3804 649 3870 (16)
694 3806 821 3860 vid.
864 3807 935 3859 L.
985 3808 1036 3862 8.
1081 3812 1131 3869 S.
1179 3818 1231 3860 x.
1259 3806 1328 3871 ff.
1368 3808 1462 3873 qui
1507 3799 1744 3863 Teium.
1779 3803 1968 3866 faeere
2006 3814 2254 3871 ponunt.

500 3888 658 3955 (17)
700 3890 840 3949 Nnc.
880 3900 1088 3946 auton.
1134 3888 1441 3952 doloribus
1471 3890 1743 3955 exulum,
1776 3890 1844 3943 L.
1871 3888 1950 3945 11.
1983 3888 2047 3941 C.
2073 3888 2131 3942 6·
2245 3929 2252 3939 .

1378 3994 1437 4062 E
