3000 4917
688 387 815 450 204
1521 373 1764 434 =

696 611 740 650 „
787 611 829 648 ,‚
868 579 975 648 per
1001 561 1185 628 alium
1230 560 1411 628 ducis
1454 571 1642 626 terrae
1689 556 1878 627 facias
1893 599 1924 642 ,
1993 561 2088 624 vel
2139 558 2590 636 habitatoribus

694 737 737 776 ‚‚
783 737 825 774 ,‚
868 689 1133 775 ejusdem
1185 707 1301 756 nec
1336 687 1538 757 facere
1584 687 1978 771 procurabis:
2043 688 2099 754 si
2147 687 2320 758 Deus
2372 709 2438 761 et
2491 717 2593 764 sa.

690 863 734 902 ‚,
782 863 825 899 ‚‚
864 834 972 884 ero
1038 833 1250 884 sancta
1298 831 1362 884 te
1414 817 1730 902 adiuvent.
1753 813 1800 846 ''
1901 813 2068 882 Haec
2139 814 2326 883 verba
2367 821 2584 904 jurans

687 989 731 1028 ‚‚
770 945 851 1013 de
898 964 963 1011 se
1008 943 1189 1010 debet
1228 943 1564 1029 exprimere
1612 955 1674 1008 et
1711 939 1832 1006 hoe
1881 938 2047 1007 facto
2103 939 2181 1006 ab
2235 961 2312 1010 eo
2361 949 2577 1014 audia-

682 1115 729 1158 „
768 1087 912 1155 tur,
958 1091 1070 1157 per
1113 1089 1267 1154 quas
1318 1085 1520 1154 partes
1569 1067 1980 1137 Normanniae
2029 1071 2190 1136 exire
2237 1073 2572 1157 elegerit.’'

764 1201 934 1270 Hinc
970 1216 1034 1269 et
1070 1215 1315 1284 tempus
1356 1197 1640 1265 definitur
1663 1241 1689 1279 ,
1743 1213 1876 1280 quo
1929 1209 2102 1262 tutus
2139 1197 2414 1266 Ducatus
2455 1217 2580 1268 ter-

680 1331 883 1398 minos
947 1327 1148 1412 egredi
1197 1339 1445 1410 potest3
1511 1324 1686 1408 quod
1735 1323 1789 1390 si
1841 1341 1988 1390 vero
2038 1337 2254 1407 postea
2317 1331 2380 1396 in
2433 1350 2580 1412 pro·

676 1459 878 1526 vincia
956 1457 1327 1540 reperiatur,
1398 1457 1609 1522 eodem
1677 1471 1804 1536 quo
1873 1455 2179 1538 utlagatus
2229 1460 2416 1523 modo
2463 1459 2581 1524 im·

677 1601 845 1668 pune
914 1580 1215 1663 laeditur;
1296 1583 1359 1648 in
1410 1581 1624 1646 itinere
1687 1593 1932 1661 tamen,
1999 1600 2128 1664 quo
2183 1585 2240 1649 ei
2295 1587 2454 1651 exire
2503 1589 2578 1652 li-

678 1726 821 1794 cet,
880 1727 1005 1778 non
1063 1709 1222 1777 ultra
1270 1727 1451 1774 unam
1499 1720 1744 1774 noctem
1793 1705 1857 1774 in
1909 1711 2122 1776 eodem
2167 1713 2312 1780 loco
2359 1716 2584 1784 morari

678 1855 929 1926 potest,
994 1857 1107 1906 nec
1158 1837 1233 1904 ad
1285 1837 1408 1921 jam
1470 1849 1772 1901 transacta
1841 1835 2101 1918 reverti,
2161 1855 2318 1920 quae
2369 1843 2428 1906 si
2475 1861 2580 1908 ne·

674 1969 923 2053 glexerit
952 2014 977 2046 ,
1076 1965 1305 2032 amittit
1391 1963 1772 2030 securitatem
1801 2010 1826 2044 ,
1923 1981 2106 2046 quam
2193 1963 2588 2052 forjuratione

679 2099 934 2177 adeptus
991 2111 1106 2163 est.
1194 2095 1598 2180 Caeteroquin
1645 2113 1772 2162 non
1821 2097 2074 2163 meliore
2111 2099 2393 2180 utlagatis
2427 2117 2580 2166 cou-

676 2225 911 2292 ditione
960 2223 1197 2304 utitur,
1256 2222 1367 2289 sed
1440 2220 1604 2289 bona
1683 2223 1961 2288 similiter
2035 2224 2448 2290 confiscantur
2509 2243 2582 2292 ac
2665 2187 2684 2199 x

678 2351 857 2421 feuda
909 2352 1263 2420 haeredibus
1318 2353 1554 2418 ademta
1607 2351 1686 2416 ad
1739 2352 2074 2418 Dominum
2133 2365 2542 2420 revertuntur.

758 2479 1007 2561 Duplici
1070 2479 1255 2544 modo
1314 2479 1623 2562 utlagatus
1677 2480 1912 2544 restitui
1979 2495 2126 2564 pote
2140 2496 2226 2548 st.
2329 2483 2578 2548 Etenim

676 2601 733 2668 si
760 2599 1052 2683 legitimis
1105 2601 1367 2668 testibus
1401 2601 1660 2684 probare
1713 2604 1952 2686 possit,
1998 2627 2064 2675 se
2105 2608 2326 2676 crImen
2346 2629 2576 2692 ,prop-

676 2745 766 2800 ter
800 2730 971 2812 quod
1012 2728 1313 2811 utlagatus
1364 2725 1608 2809 fuerat,
1631 2747 1761 2795 non
1797 2735 2226 2814 commisisse,
2265 2740 2571 2820 appellare

676 2873 884 2946 potest
930 2859 1008 2924 de
1040 2855 1271 2942 judicio
1326 2857 1546 2922 erroris
1597 2859 1865 2926 nomine.
1953 2860 2096 2928 Hoc
2138 2883 2286 2931 casu
2333 2866 2408 2932 ab
2453 2867 2574 2933 ini-

678 2993 769 3056 tio
808 3007 906 3054 res
958 2985 1314 3067 disquiritur
1349 3003 1419 3051 ac
1456 2987 1513 3051 si
1559 2986 1636 3051 de
1677 2985 2021 3054 innocentia
2089 3008 2376 3070 constat,
2453 2993 2576 3076 pri·

676 3120 908 3186 stinutn
948 3131 1173 3182 statum
1198 3163 1220 3194 ‚
1262 3113 1424 3180 bona
1458 3133 1528 3180 ac
1565 3115 1899 3197 quidquam
1933 3115 1991 3180 ei
2027 3115 2294 3182 ablatum
2329 3117 2569 3201 fuerat,

681 3259 1018 3328 recuperat.
1122 3240 1251 3326 Qui
1308 3261 1451 3308 vero
1505 3239 1700 3308 Ducis
1755 3241 2067 3308 clementia
2129 3243 2569 3328 restituuntur,

679 3393 798 3457 qua
874 3373 1107 3438 ratione
1156 3371 1333 3437 etiam
1389 3367 1473 3436 illi
1496 3416 1522 3451 ,
1584 3371 1694 3453 qui
1753 3371 2191 3438 Normanniam
2252 3370 2580 3457 forjurave-

677 3516 867 3583 runt,
906 3501 1099 3568 redire
1116 3513 1427 3584 possunt,
1464 3501 1858 3567 solummodo
1878 3501 2304 3584 inlagantur,
2341 3501 2404 3566 id
2441 3516 2571 3584 est,

675 3645 887 3710 pacem
950 3646 1130 3718 quam
1185 3627 1556 3706 amiserant,
1608 3645 1819 3693 rursus
1874 3629 2250 3709 adquirunt,
2293 3629 2402 3693 sed
2438 3647 2572 3694 om·

680 3769 757 3816 ne
808 3750 959 3815 illud
982 3798 1005 3833 ‚
1028 3756 1199 3834 quod
1230 3753 1688 3822 confiscationis
1725 3758 1973 3823 nomine
2025 3757 2389 3842 patrimonio
2435 3757 2578 3823 exiit

674 3877 989 3961 perdunt,
1052 3895 1127 3944 ne
1190 3877 1329 3964 illi,
1375 3883 1483 3962 qui
1536 3879 1599 3948 id
1648 3883 1896 3964 adepti,
1945 3885 2083 3950 inde
2136 3885 2418 3950 damnum
2469 3897 2579 3961 pa·

2419 4005 2576 4072 tian-
