3000 4917
702 349 835 434 256
1548 353 1796 414 Β

708 543 793 612 in·
826 557 891 608 re
926 541 1089 608 lanta
1140 549 1462 608 versantur
1517 553 1694 620 aegre
1748 534 2043 620 genitoris
2092 537 2365 608 miserias
2425 537 2644 629 ferent

709 689 781 738 ac
854 667 1070 734 sedulo
1138 667 1295 751 juris
1377 665 1481 732 sui
1541 663 2003 733 renunciatione
2031 709 2060 748 ,
2131 667 2472 750 sophismis
2555 693 2633 738 ac

704 794 1061 878 ambagibus
1087 838 1115 877 ,
1190 791 1301 860 nbi
1370 794 1475 860 lex
1523 789 1882 876 effugiendi
1947 792 2106 859 viam
2159 795 2352 876 aperit
2376 842 2403 878 ,
2453 797 2628 864 iilius

706 937 937 990 sortem
970 921 1199 990 mederi
1245 919 1658 988 conabuntur.
1743 921 1836 986 At
1869 919 1927 986 si
1965 918 2116 986 haec
2163 921 2368 989 omnia
2399 922 2632 1007 (quod.

704 1051 984 1132 dubito)
1048 1049 1135 1118 ita
1180 1049 1421 1134 egregie
1470 1047 1718 1130 disponi
1749 1047 1996 1132 possint
2013 1093 2042 1130 ,
2101 1061 2174 1114 ut
2223 1049 2428 1132 legum
2483 1068 2624 1118 exe-

708 1179 885 1246 cutio
906 1224 933 1261 ,
964 1194 1079 1246 nec
1126 1177 1407 1263 coniugis
1445 1192 1655 1244 amore
1673 1220 1699 1258 ,
1725 1155 1864 1242 nec*
1877 1175 2203 1243 liberorum
2231 1179 2455 1260 pietate
2484 1176 2628 1250 falli

708 1307 999 1392 possint,
1042 1305 1213 1372 adest
1281 1319 1486 1372 tamen
1551 1303 1820 1371 donandi
1871 1302 2116 1372 licentia
2129 1349 2158 1388 ,
2211 1324 2367 1388 quae
2415 1309 2612 1374 'nullis

710 1433 949 1518 legibus
965 1405 1000 1514 ,’
1044 1431 1167 1500 nisi
1212 1431 1477 1498 civiliter
1525 1445 1838 1500 mortuum
1893 1430 2200 1500 hominem
2245 1451 2379 1500 esse
2421 1451 2616 1518 neges

708 1557 987 1646 impediti
1028 1572 1262 1643 potest.
1348 1556 1534 1626 Licet
1587 1559 1750 1627 enim
1781 1558 2052 1644 legitima
2099 1561 2308 1628 vocari
2355 1579 2626 1646 nequeat

710 1689 859 1756 haec
896 1687 1263 1768 liberalitas„
1308 1686 1600 1754 naturalis
1637 1699 1805 1755 certe
1855 1687 1998 1758 erit.
2073 1687 2168 1756 Ita
2197 1703 2312 1770 ut,
2351 1708 2612 1773 quoquo

712 1837 785 1890 se
844 1831 1041 1886 vertat
1115 1818 1425 1902 legislator
1440 1861 1468 1898 ‚
1527 1833 1762 1902 poenae
1810 1817 1995 1903 hujus
2047 1818 2326 1900 sequelae
2391 1818 2624 1902 aliqua-

686 1929 897 2012 ⁸tenus
972 1947 1186 2012 saltem
1256 1943 1522 2012 ludibrio
1577 1943 1788 2011 haberi
1855 1943 2114 2012 videbit.
2200 1944 2324 2012 Est
2378 1947 2624 2029 quidem

710 2071 909 2142 fateor
947 2075 1234 2141 adversus
1268 2072 1417 2140 haec
1450 2071 1653 2140 omnin
1691 2073 2066 2154 remedium,
2111 2091 2312 2140 carcer
2343 2075 2622 2156 scilicet,

716 2219 791 2269 ac
861 2203 1107 2270 vincula
1166 2201 1250 2268 ita
1312 2217 1620 2288 angusta,
1695 2214 1766 2267 ut
1827 2201 1932 2268 vix
2007 2201 2332 2284 quisquam
2393 2217 2624 2285 praeter

718 2331 1065 2400 ministrum
1086 2372 1114 2412 ,
1172 2329 1645 2398 condemnatum
1693 2328 1898 2398 vivere
1948 2329 2126 2397 sciat.
2213 2329 2441 2397 Verum
2481 2331 2628 2414 quid

720 2476 801 2528 eo
846 2478 993 2528 casu
1052 2472 1245 2525 morte
1312 2457 1483 2526 civili
1512 2457 1772 2544 ‚indiges
1793 2458 1826 2524 ἐ’
1889 2459 2039 2540 quid
2089 2473 2261 2526 tanta
2305 2461 2623 2526 verborum

716 2603 795 2652 ac
840 2587 1041 2668 legum
1109 2584 1321 2652 mole?
1381 2604 1526 2652 cum
1581 2587 1798 2670 exigua
1839 2587 1951 2654 sed
2003 2587 2158 2654 bene
2205 2589 2408 2654 clausa
2437 2589 2633 2673 cella,

720 2709 779 2776 si
848 2709 1011 2776 bona
1066 2727 1363 2795 perpetuo
1414 2715 1831 2780 damnatorum
1886 2717 1966 2782 ad
2021 2717 2468 2782 similitudinem
2520 2715 2631 2781 ab·

721 2835 987 2908 sentium
1031 2855 1313 2924 regantur
1333 2885 1358 2920 ,
1416 2854 1481 2905 et
1523 2843 1741 2908 melius
1791 2856 1854 2908 et
1895 2845 2090 2912 tutius
2131 2865 2388 2931 scopum
2419 2844 2625 2912 ferias·

810 2967 994 3036 Forte
1026 2971 1226 3038 adhuc
1273 2973 1536 3058 alicujus
1570 2973 1863 3042 momenti
1895 2989 2060 3042 esset
2095 2995 2263 3042 mors
2296 2976 2532 3056 civilis,
2563 2995 2636 3040 ac

734 3097 809 3168 de
846 3099 977 3184 eius
1012 3101 1272 3168 utilitate
1304 3103 1401 3167 vel
1443 3103 1667 3170 damno
1697 3104 1931 3170 ratione
1967 3103 2329 3170 delictorum
2358 3105 2459 3170 vel
2489 3122 2635 3186 poc-

734 3245 947 3298 narum
968 3273 993 3308 ,
1012 3230 1247 3310 quaein
1280 3229 1634 3296 civitatibus
1646 3215 2049 3298 admittuntur
2065 3232 2500 3313 disputandum
2533 3277 2560 3312 ,
2579 3233 2635 3297 si

732 3341 997 3437 siinplex
1049 3355 1201 3422 illud
1253 3357 1602 3424 institutum
1623 3401 1652 3440 ,
1707 3355 1794 3425 ita
1849 3371 1920 3423 ut
1958 3359 2188 3446 paucis·
2219 3359 2460 3426 absolvi
2493 3378 2642 3442 pos-

740 3495 876 3564 set,
918 3482 1053 3549 sine
1086 3482 1481 3566 ambiguitate
1512 3487 1611 3550 vel
1644 3485 2013 3554 obscuritate
2035 3532 2060 3567 ,
2100 3487 2327 3553 verbis·
2408 3486 2645 3554 Verum

742 3625 910 3675 mors
956 3610 1161 3678 civilis
1212 3629 1325 3678 sua
1376 3627 1626 3694 natura,
1663 3631 1792 3680 non
1829 3613 1948 3680 nisi
1995 3632 2219 3697 magno
2267 3634 2338 3680 ac
2390 3615 2640 3682 immen-

745 3753 826 3800 so
856 3732 985 3801 fere
1025 3739 1280 3820 studi0‚
1311 3755 1472 3807 recte
1515 3741 1582 3806 in
1615 3739 1894 3824 Legibus
1941 3741 2178 3808 admitti
2210 3755 2445 3824 potest.
2531 3743 2644 3808 Se·

750 3862 885 3932 cuti
918 3863 1077 3932 enim
1124 3882 1271 3934 sunt
1306 3868 1373 3936 in
1422 3868 1746 3938 codicibus
1799 3871 2098 3954 peregrini
2131 3889 2202 3937 ac
2251 3872 2465 3958 cives,
2507 3887 2648 3956 ⁴mu·

2554 4016 2658 4081 Jo-
