3000 4917
259 2579 307 2588 q

1206 389 1455 452 ’.ε-Ψ·-
1885 363 1898 382 “
2163 387 2284 467 189

398 578 589 646 beant
608 605 636 659 ,-
675 575 752 644 ab
789 576 973 644 altera
1020 589 1189 658 parte
1232 553 1441 646 nullos
1474 577 1682 660 legum
1722 577 1968 646 codices
2022 579 2280 664 relique-

394 721 551 775 runt
566 753 591 786 ‚
644 705 873 790 quibus
923 717 1222 784 mutatum
1258 704 1359 772 vel
1407 702 1706 772 deflexum
1748 704 1854 790 jus
1901 707 2282 777 ostendatur.

390 829 719 902 Historice
765 834 957 919 igitur
988 830 1381 900 solummodo
1409 831 1744 916 disquirere
1770 803 1913 899 licet
1927 879 1954 916 ‚
1992 851 2304 918 quaensm.

382 958 628 1030 fuerint
668 961 929 1029 rationes
950 1005 977 1043 ,
1006 979 1165 1044 quse
1193 958 1706 1046 jurisprudentia
1732 956 1854 1026 sub
1891 960 2064 1028 tertia
2098 960 2292 1047 stirpe

387 1087 692 1172 originem
718 1089 1011 1158 dederunt
1029 1133 1053 1169 ,
1080 1106 1158 1155 ne
1174 1135 1198 1170 ,
1230 1086 1416 1155 sicuti
1437 1087 1503 1154 in
1532 1085 1731 1172 capite
1749 1087 1824 1154 de
1839 1083 2163 1156 Germania
2181 1090 2308 1157 ob·.

390 1216 777 1284 servavimus
804 1217 1273 1300 interrumpatur
1288 1213 1732 1284 demonstratio
1751 1259 1778 1297 ,
1815 1233 1885 1282 sc
1899 1232 1979 1282 ne
2011 1214 2075 1281 in
2089 1229 2297 1298 poste-

392 1343 630 1412 riorum
666 1344 1091 1428 disquisitione
1117 1345 1193 1410 ad
1224 1342 1640 1427 praecedentia
1657 1359 1958 1412 recurrere
1983 1360 2294 1428 cogamur.

487 1469 559 1538 si
626 1470 810 1554 igitur
878 1473 1097 1538 oculos
1169 1485 1600 1562 conyertnmus
1658 1469 1735 1538 ad
1798 1467 2034 1538 Galliae
2075 1483 2300 1539 statum

392 1598 527 1666 sub
605 1597 1072 1681 Carolingorum
1144 1597 1430 1683 regimine
1447 1643 1473 1678 ,
1537 1597 1745 1666 eadem
1793 1611 2120 1668 occurrunt
2165 1569 2298 1666 fere

390 1739 811 1811 symptomata
827 1769 855 1805 ‚
916 1741 1071 1808 quse
1118 1724 1183 1791 in
1236 1724 1564 1794 Germania
1619 1725 1736 1794 hac
1781 1739 1976 1794 aetate
2017 1725 2302 1793 observa-

388 1855 629 1921 vimus.
712 1852 803 1919 At
857 1851 1041 1919 citius
1110 1852 1332 1918 mulum
1374 1852 1700 1937 prorupit,
1735 1854 2028 1935 quoniam
2083 1869 2212 1918 non
2256 1873 2294 1919 a

393 1995 653 2048 canon
700 1977 1190 2046 institutionibus
1238 1978 1435 2047 fuerat
1480 1997 1874 2064 progressum
1896 2025 1924 2061 ‚
1951 1981 2064 2048 sed
2113 1977 2302 2068 hujus

390 2107 721 2193 prudentia
754 2125 827 2174 ac
856 2103 1226 2174 fortitudine
1241 2107 1636 2174 solummodo
1653 2108 2033 2191 depressum.
2051 2107 2300 2176 Discor-

392 2235 635 2302 diamm
670 2236 831 2302 enim
862 2252 934 2301 ac
949 2233 1259 2302 marchiae
1278 2235 1503 2320 semina
1536 2234 1655 2304 sub
1674 2235 2100 2320 Merovingica
2113 2237 2304 2320 stirpe

392 2363 525 2448 iam
557 2360 960 2445 deteguntur,
1002 2360 1122 2428 sub
1165 2379 1433 2428 canoto
1468 2381 1710 2430 mono
1737 2365 2130 2446 latent,post
2159 2383 2300 2432 eum

406 2507 565 2558 vero
604 2489 954 2558 instauratis
1006 2488 1242 2558 viribus
1279 2503 1650 2574 erumpunt,
1683 2491 1881 2560 donec
1915 2493 2154 2558 tandem
2183 2507 2302 2560 cs·

400 2635 629 2692 Purus
693 2615 1118 2686 labefactatum
1178 2635 1427 2701 regnum
1468 2603 1815 2703 'occuparet
1832 2663 1856 2700 ,
1891 2619 2079 2687 sicuti
2123 2635 2305 2686 rurr-

410 2765 545 2814 nus
587 2745 759 2831 prius
806 2747 957 2812 illud
986 2761 1287 2830 rapuerat.
1374 2745 1566 2834 Quod
1613 2747 1667 2812 si
1715 2747 1840 2832 jam
1892 2746 2308 2815 institutiones
2441 2730 2446 2736 ’

411 2877 699 2958 legesque
747 2892 889 2940 cum
931 2876 1243 2942 historicis
1298 2873 1712 2943 monumentis
1741 2871 2138 2942 conferantur
2153 2918 2181 2954 ‚
2195 2891 2306 2939 un-

414 3001 603 3083 dique
646 2999 935 3068 confusio
978 3015 1226 3084 apparet
1241 3044 1268 3082 ‚
1318 3020 1461 3068 cum
1523 3000 1884 3068 infirmiores
1942 2999 2167 3067 frustra
2205 3003 2310 3084 jus

418 3129 794 3213 implorent3
836 3139 945 3194 aut
990 3129 1244 3210 exsequi
1278 3141 1576 3195 con-tur
1595 3175 1617 3208 ‚
1651 3127 1941 3194 fortiores
1967 3127 2120 3194 illud
2161 3145 2310 3194 con-

418 3268 691 3324 temnant
710 3300 737 3336 ,
774 3268 879 3322 aut
926 3255 1005 3322 ad
1043 3252 1289 3334 facinus
1328 3254 1648 3327 velandum
1699 3253 2042 3320 adhibeant.
2087 3253 2311 3338 Neque

421 3399 675 3450 necesse
726 3395 823 3450 est
846 3381 949 3448 hic
994 3399 1207 3450 causas
1242 3382 1544 3466 requirere
1560 3427 1585 3464 ,
1623 3381 1845 3464 quibus
1891 3381 2048 3448 illud
2074 3379 2309 3450 factum

422 3510 549 3592 sit,
590 3509 699 3576 has
734 3511 893 3578 enim
939 3527 1119 3594 supra
1149 3509 1275 3594 jam
1311 3511 1571 3594 exposui
1590 3551 1619 3590 ‚
1657 3512 1714 3576 si
1749 3489 1951 3575 tamen
1983 3511 2314 3594 generalio-

421 3655 520 3705 res
594 3639 737 3722 quis
788 3650 955 3723 petat
984 3685 1010 3722 ‚
1088 3655 1244 3722 quae
1290 3635 1528 3706 Galliae
1572 3638 1766 3722 magis
1818 3639 2098 3722 propriae
2148 3639 2270 3706 sint
2287 3683 2312 3722 ,

422 3766 702 3834 universe
779 3766 902 3835 dici
992 3780 1201 3850 potest
1215 3813 1240 3847 ‚
1330 3763 1588 3832 incertas
1665 3766 1800 3833 inas
1853 3767 2014 3850 leges
2063 3785 2100 3833 e
2157 3765 2314 3833 Ger—

422 3894 653 3964 maniae
698 3894 959 3980 saltibus
994 3913 1067 3962 ac
1116 3896 1468 3966 invasorum
1494 3891 1732 3962 -castris
1747 3939 1773 3976 ,
1806 3911 1953 3964 cum
2004 3895 2082 3984 ad
2132 3895 2314 3962 vitam

1326 4019 1431 4087 Aa
1472 4039 1510 4104 3
2214 4036 2315 4086 so-
