3000 4917
608 337 725 421 ¹5⁰
1454 325 1704 388 ==

620 528 685 584 et
728 513 1175 590 Gibellinorum
1228 507 1421 580 factio
1444 554 1471 591 ,
1513 500 1594 604 ac
1645 525 1795 576 mox
1843 507 1908 576 in
1965 507 2198 576 Italiam
2249 508 2550 594 migravit

631 643 741 714 ubi
784 641 1033 709 nomine
1070 652 1309 707 tantum
1358 635 1714 722 indigebat,
1765 653 1896 720 quo
1955 634 2208 720 gravius
2257 653 2536 718 erumpe-

642 783 757 853 ret.
843 768 917 834 In
962 766 1036 846 iis
1090 767 1253 834 enim
1288 765 1644 852 regionibus
1657 812 1684 849 ,
1745 764 1856 832 ubi
1917 767 2086 834 nulla
2145 767 2368 851 populi
2403 767 2542 840 vis,

646 899 897 984 vulgare
922 865 1123 962 autem
1148 895 1311 965 inter
1336 893 1578 964 nobiles
1597 892 1826 964 bellum
1843 940 1870 977 ,
1891 894 1958 961 in
1989 911 2067 959 eo
2081 907 2318 962 tantum
2334 911 2538 962 remm

640 1038 851 1094 natura
885 1035 1155 1092 mutatur
1170 1067 1195 1104 ‚
1240 1022 1413 1106 quod
1458 1021 1728 1108 plurium
1759 1023 2052 1090 societate
2097 1021 2291 1107 maior
2333 1025 2539 1109 copia-

648 1171 785 1222 tum
826 1169 1117 1222 numerus
1149 1150 1231 1218 ad
1260 1169 1522 1236 pugnam
1559 1149 1856 1234 prodeat,
1889 1163 2076 1234 atque
2113 1151 2382 1236 privatae
2415 1153 2542 1218 dis-

647 1281 892 1350 cordiae
931 1280 1011 1347 ad
1066 1279 1342 1364 generale
1382 1277 1702 1348 dissidium
1750 1278 2068 1346 confluant
2085 1323 2116 1362 ,
2162 1281 2360 1346 donec
2393 1299 2538 1347 mox

650 1409 812 1478 inter
862 1409 1071 1476 socios
1128 1407 1475 1476 inimicitiae
1533 1407 1808 1476 oriantur
1875 1422 1936 1476 et
1989 1429 2024 1476 a
2089 1409 2250 1476 bello
2311 1413 2386 1478 ad
2447 1411 2537 1476 la-

647 1537 977 1606 trocinium
1050 1537 1323 1602 redeant.
1446 1533 1767 1603 Factioues
1829 1537 2018 1620 igitur
2091 1537 2232 1604 illae
2309 1539 2532 1621 praeci-

648 1684 837 1752 puam
932 1665 1055 1734 vim
1140 1681 1455 1732 exercuere
1500 1663 1566 1728 in
1629 1665 1957 1732 electorum
2016 1664 2334 1732 conciliis:
2393 1667 2539 1734 hinc

642 1791 875 1862 factum
908 1807 981 1862 ut
1026 1793 1269 1876 saepius
1319 1791 1447 1858 duo
1480 1791 1847 1876 eligerentur
1885 1791 2284 1878 Imperatores
2301 1837 2328 1876 ,
2379 1795 2485 1878 qui
2505 1840 2532 1877 ,

650 1923 836 1990 armis
894 1923 969 1989 de
1031 1933 1332 2004 potestate
1398 1934 1700 1986 certantes
1716 1964 1743 2001 ,
1811 1920 1880 1986 in
1939 1937 2018 1987 eo
2073 1923 2344 2004 speciem
2395 1923 2536 1990 belli

644 2049 845 2117 civilis
884 2045 1243 2115 offerebant.
1326 2043 1648 2116 Fervidum
1693 2061 1895 2116 tamen
1933 2064 1996 2115 et
2029 2049 2348 2133 impatiens
2377 2071 2536 2118 rae-

646 2191 893 2250 nsutct
958 2191 1425 2243 nanmossss
1493 2174 1804 2258 ingenium
1868 2195 2048 2260 aegre
2107 2179 2348 2248 vincula
2393 2181 2534 2246 tulit

648 2303 877 2388 quibus
938 2304 1259 2374 terminum
1326 2302 1477 2388 poni
1521 2321 1668 2372 suae
1717 2305 2066 2373 auctoritati
2127 2307 2410 2389 videbat,
2455 2327 2529 2375 ac

645 2431 833 2500 sicuti
894 2448 1201 2499 namurco
1254 2449 1460 2498 utem
1519 2445 1783 2514 cognato
1815 2449 1932 2498 suo
1967 2451 2095 2500 non
2135 2453 2524 2519 pepercerat,

648 2555 727 2626 ita
746 2553 969 2639 Papam
992 2601 1019 2636 ,
1032 2557 1269 2624 nobiles
1286 2571 1467 2640 atque
1488 2557 1668 2626 urbes
1687 2561 1934 2628 domare
1951 2562 2300 2630 conabatur.
2323 2563 2522 2650 Quam

646 2679 860 2760 acriter
892 2699 1039 2749 vero
1056 2701 1316 2764 scopum
1338 2685 1508 2750 illum
1531 2685 1616 2752 sit
1631 2704 1988 2769 persecutus
2009 2735 2035 2772 ,
2071 2691 2294 2758 Comae
2322 2739 2342 2769 ‚
2365 2689 2528 2758 Tor-

646 2823 827 2882 tonae
888 2828 959 2876 ac
1032 2809 1374 2878 Mediolani
1422 2811 1728 2882 excidium
1795 2830 2074 2884 testatur.
2174 2817 2276 2884 Ne
2323 2835 2528 2888 tamen

644 2955 723 3008 eo
770 2936 1025 3006 absente
1055 2982 1082 3021 ‚
1142 2951 1212 3004 ut
1258 2941 1626 3023 experientia
1677 2943 1966 3012 docuerat
1985 2993 2012 3028 ,
2078 2948 2296 3014 arduae
2339 2948 2534 3014 victo-

648 3065 772 3134 riae
836 3063 1079 3136 fructus
1144 3067 1487 3152 amitteret,
1536 3071 1886 3156 podestetes
1904 3119 1931 3154 ,
1983 3076 2092 3157 qui
2137 3076 2488 3144 dicebantur
2510 3120 2534 3160 ‚

652 3192 719 3270 in
767 3193 1027 3278 singulis
1080 3193 1338 3265 urbibus
1380 3199 1630 3268 creavit.

727 3317 871 3387 Hos
932 3338 1134 3390 autem
1195 3341 1231 3388 e
1308 3327 1641 3412 peregrinis
1679 3327 1908 3396 electos
1977 3331 2290 3400 nobilibus
2339 3332 2536 3416 impe-

646 3446 815 3514 rialis
885 3450 1203 3534 dignitatis
1252 3449 1388 3518 fore
1434 3455 1804 3538 praesidium
1853 3457 2170 3540 sperabat,
2231 3479 2370 3526 cum
2423 3463 2536 3528 im-

646 3573 905 3638 mediate
938 3575 1015 3646 ab
1064 3595 1141 3644 eo
1180 3597 1414 3648 munus·
1438 3597 1749 3662 tenerent,
1809 3587 1956 3652 dum
2011 3586 2092 3653 ab
2137 3589 2320 3656 altera
2364 3603 2536 3673 parte

646 3695 1046 3772 democratica
1086 3707 1305 3786 populi
1357 3708 1590 3776 indoles
1637 3711 2048 3796 impediebat,
2085 3717 2422 3798 quominus
2463 3717 2527 3782 in

643 3823 971 3924 perniciem
1026 3829 1318 3912 principis
1364 3852 1768 3920 erumperent.
1841 3839 2008 3914 Haec
2038 3859 2324 3928 reputans
2359 3843 2533 3926 quusi

2459 3971 2544 4036 le·
