3000 4917
1262 314 1508 375 Ξ
2259 304 2338 372 61

424 496 561 563 ›hoc
603 511 737 563 non·
774 508 1045 581 propter·
1066 493 1350 562 mulctam
1369 537 1396 575 ,
1449 506 1702 577 propter
1749 493 1982 581 solidos
2039 496 2336 579 quosdam

434 623 551 695 sed
603 596 873 707 propter
891 641 1099 706 pacem
1128 622 1474 707 denegatam
1505 620 1932 691 instituebatur
1951 668 1978 705 ,
2013 637 2086 691 ut
2120 643 2338 709 perpe,¹

437 750 565 818 tuis
602 749 749 819 rixis
794 764 859 817 et
904 734 1189 820 caedibus
1209 796 1235 834 ,
1265 755 1436 833 'quae
1496 764 1736 835 gentem
1783 754 2190 835 caeteroquin
2231 773 2334 821 ex·

430 878 779 949 hausissent
801 926 826 963 ,
894 877 1035 946 finis
1058 926 1063 931 -
1086 879 1269 947 foret.
1357 879 1522 947 Cum
1573 878 1730 945 enim
1783 879 1860 947 de
1892 878 1982 948 rei
2013 881 2328 967 cujusdam

424 996 824 1093 possessione
856 1007 1153 1092 litigantes
1182 1008 1260 1074 ad
1286 1005 1527 1074 comitis
1563 1005 1830 1099 tribunal
1845 1005 2118 1075 venirent
2137 1055 2164 1092 ,
2194 1012 2337 1079 nul-

436 1136 494 1202 la
520 1135 735 1221 injuria
766 1133 925 1203 illata
956 1135 1153 1205 fuerat
1168 1181 1193 1218 ,
1246 1133 1312 1200 in
1352 1153 1473 1217 qua
1507 1148 1614 1201 aut
1639 1132 1994 1218 propinquo
2023 1153 2334 1204 succurre-

426 1272 503 1331 ἰ’-ε
521 1310 546 1346 ,
575 1277 681 1331 aut
702 1282 883 1347 quam
898 1263 1075 1331 armis
1101 1260 1311 1331 ulcisci
1326 1261 1624 1329 debebant
1638 1308 1663 1345 ,
1691 1262 1862 1345 quod
1877 1262 2126 1329 omnino
2152 1282 2330 1333 secus

428 1390 493 1457 in
522 1374 927 1461 criminalibus
949 1438 974 1475 ,
1012 1390 1121 1462 ubi
1145 1389 1640 1476 compensatione
1675 1404 1912 1459 mutum
1941 1410 1980 1459 a
2007 1391 2206 1476 gladio
2237 1410 2332 1460 re-

430 1520 565 1587 cedi
613 1534 871 1604 poterat.
954 1518 1151 1586 Nullo
1198 1518 1383 1603 igitur
1418 1518 1540 1586 alio
1591 1518 1780 1587 modo
1823 1520 1900 1587 ad
1931 1519 2331 1589 obedientiam

416 1646 563 1731 cogi
610 1660 845 1729 poterat
888 1660 1217 1713 contumax
1235 1691 1260 1726 ,
1312 1664 1455 1713 cum
1490 1645 1567 1711 ab
1602 1645 1836 1714 ultione
1865 1646 2156 1715 desistere
2197 1648 2334 1715 nol·

428 1777 517 1841 let
534 1818 561 1856 ,
609 1792 791 1857 quam
836 1773 895 1841 si
923 1770 1417 1855 propinquorum
1451 1769 1676 1839 amilio
1701 1771 2028 1859 destitutus
2044 1819 2069 1855 ,
2101 1788 2163 1839 et
2199 1792 2334 1841 om·

428 1900 603 2001 nium
662 1902 797 1969 telis
848 1915 911 1967 et
960 1897 1300 1967 inimicitiae
1334 1896 1648 1982 expositus
1695 1898 1838 1983 ipso
1873 1912 2034 1969 statu
2077 1900 2154 1967 ad
2183 1918 2332 1971 con·

422 2028 689 2099 cordiam
738 2030 932 2097 redire
984 2043 1337 2114 cogeretur.
1509 2022 1516 2029 ’

424 2186 431 2193 ·
511 2159 701 2243 Apud
746 2177 1069 2232 musanus
1116 2177 1265 2227 vero
1283 2204 1311 2241 ,
1361 2176 1520 2240 quos
1565 2156 1940 2227 Druidorum
1990 2156 2324 2227 sacerdotio

421 2305 579 2355 usos
619 2286 813 2355 fuisse
856 2300 1098 2354 constat
1146 2286 1291 2372 (7)
1307 2329 1334 2366 ,
1383 2298 1508 2351 erat
1546 2303 1781 2370 poenae
1811 2302 2044 2369 genus,
2106 2286 2277 2368 quod
2294 2332 2321 2369 ,

403 2432 559 2481 ‘cum
602 2432 891 2499 ,magnum
951 2414 1233 2497 deinceps
1289 2413 1355 2478 in
1395 2412 1599 2480 banno
1647 2411 1861 2481 habuit
1905 2428 2278 2481 momentum
2292 2458 2319 2496 ,

419 2540 523 2609 hic
566 2560 695 2609 non
738 2541 1165 2628 negligendum
1223 2554 1407 2625 puto.
1493 2541 1732 2611 Scimus
1782 2541 1940 2609 enim
1973 2562 2048 2609 ex
2075 2561 2319 2611 catsa-

407 2687 515 2737 tus
564 2670 1001 2737 commentariis
1052 2675 1079 2748 (
1112 2674 1203 2753 8)
1245 2670 1321 2737 iis
1350 2670 1852 2739 consuetudinem
1887 2670 2076 2739 fuioee
2097 2718 2122 2752 ‚
2162 2686 2234 2739 ut
2258 2670 2316 2740 si

416 2795 561 2879 quis
629 2796 897 2880 pfivatus
970 2798 1067 2863 vel
1133 2798 1415 2881 publicus
1464 2818 1680 2867 eorum
1724 2800 1971 2865 decreto
2021 2815 2149 2865 non
2194 2812 2316 2865 ste.-

404 2926 593 2990 -tisset
610 2971 633 3004 ‚
694 2924 993 2990 sacrificiis
1030 2923 1483 2992 interdicerent
1497 2946 1520 2991 ι
1599 2954 1660 3006 ·,‚
1705 2924 1874 2993 Haec
1935 2942 2133 3007 poena
2149 2968 2178 3003 ,
2233 2923 2316 2990 ait

422 3096 467 3131 „
508 3051 671 3133 apud
714 3050 850 3117 illos
902 3038 1251 3135 'gravissima
1302 3066 1396 3117 est
1416 3097 1443 3131 ,
1464 3028 1469 3032 ’
1490 3050 1716 3142 quibus
1767 3049 1848 3117 ita
1885 3048 2264 3116 interdictum
2287 3096 2312 3133 ,

419 3222 467 3262 „
508 3176 573 3243 in
618 3194 873 3245 numero
911 3175 1243 3260 impiorum
1262 3146 1336 3243 ‘et
1362 3177 1810 3243 sceleratorum
1852 3176 2150 3243 habentur
2167 3222 2192 3258 ‚
2243 3175 2316 3245 iis

2108 3346 2152 3385 n
2190 3322 2320 3383 om?

401 3598 404 3603 Ι
516 3534 549 3599 <
566 3532 645 3597 7)
690 3534 882 3587 Εοκκι
928 3542 1154 3595 ejunus
1217 3532 1530 3598 Algentem
1579 3530 1981 3598 Beschrijvsnge
2035 3546 2142 3586 van
2189 3534 2306 3587 oud

419 3632 484 3669 en
528 3618 720 3669 Nieuw
767 3616 1060 3669 Vriestand
1104 3616 1247 3667 Tom-
1290 3616 1340 3669 1.
1390 3612 1616 3677 Hoofds.
1663 3615 1766 3669 lv.
1815 3618 1864 3682 ς.
1916 3631 1996 3682 14.

512 3696 641 3766 (8)
684 3702 768 3754 De
810 3701 959 3773 gell?
1002 3699 1215 3755 Gallico
1258 3698 1383 3753 Lib.
1426 3697 1533 3754 vt.
1567 3700 1708 3767 Cap.
1743 3713 1818 3765 14,

1399 3804 1548 3891 Hs
