3000 4917
672 579 845 650 11·oe
891 593 1039 644 vero
1098 587 1243 644 ante
1298 589 1784 642 cummanum
1849 572 2080 658 Regem
2153 571 2434 656 viguisse
2501 590 2584 640 ex

683 711 819 794 ipsa
848 703 1065 792 populi
1112 701 1469 770 conditione
1513 719 1586 767 ac
1633 700 1887 767 historia
1933 697 2008 766 fit
2055 697 2416 782 probabile,
2453 717 2592 765 cer·

689 837 818 903 tior
870 847 1018 920 post
1070 849 1209 899 eum
1266 827 1339 898 fit
1388 829 1487 896 via
1507 873 1534 910 ,
1605 829 1662 894 si
1709 827 1877 911 leges
1930 823 2272 910 Anglorutn
2343 828 2590 894 intuen-

672 979 809 1030 mur
826 1007 853 1043 ,
914 977 1071 1044 quae
1130 959 1285 1026 nihil
1356 955 1642 1023 exhibent
1662 1000 1688 1035 ,
1747 955 1918 1036 quod
1969 971 2099 1022 non
2143 953 2278 1037 ipsa
2319 973 2588 1022 consueb

678 1090 891 1158 tudine
956 1105 1069 1154 seu
1136 1089 1268 1170 lege
1328 1081 1746 1150 Normannica
1795 1077 2236 1161 confirmetur,
2305 1095 2416 1146 seu
2470 1100 2595 1164 po.

698 1217 827 1286 tine
862 1215 1019 1284 hanc
1034 1213 1381 1282 confirmatt
1424 1221 1638 1294 posset
1688 1224 1890 1276 tamen
1927 1205 2118 1294 objici
2161 1221 2311 1292 post
2337 1227 2592 1294 jomu-

682 1363 837 1412 rem
920 1341 1147 1424 Regem
1171 1383 1198 1421 ,
1268 1337 1379 1420 qui
1448 1333 1857 1403 Normandiae
1933 1336 2224 1402 ducatum
2297 1333 2582 1404 Feloniae

677 1487 863 1538 causa
928 1464 1127 1534 amisit
1144 1504 1171 1542 ,
1230 1465 1398 1544 leges
1448 1459 1726 1528 Gallicas
1805 1459 2026 1526 incolis
2093 1457 2325 1529 fuisse·
2373 1463 2588 1531 obtru-

680 1617 779 1666 sas
824 1610 1007 1678 atque
1048 1609 1265 1676 parum
1316 1591 1514 1656 valere
1561 1607 1662 1655 eas
1707 1589 1872 1672 leges
1927 1590 2026 1656 vel
2063 1595 2538 1662 consuetudines
2557 1641 2586 1676 ,

690 1743 843 1810 quae
898 1733 1112 1808 postet
1164 1721 1550 1804 conscriptae
1593 1716 1766 1786 fuere
1787 1765 1812 1800 ,
1879 1721 2056 1802 quasi
2124 1721 2479 1789 innovatum
2529 1737 2594 1789 et

686 1873 821 1922 non
870 1851 1187 1934 antiquum
1220 1849 1327 1933 jus
1364 1847 1776 1916 continete&
1861 1845 2052 1933 Quod
2069 1893 2094 1926 ‚
2138 1847 2416 1930 quamvis
2451 1851 2588 1914 nul·

688 1981 755 2050 lo
798 1977 1097 2046 historico
1148 1975 1377 2042 nitatur
1424 1986 1782 2056 argumento
1807 2018 1832 2052 ‚
1895 1993 2194 2054 praeterea
2241 1973 2394 2056 ipsis
2451 1980 2586 2045 An-

680 2109 923 2192 glorum
986 2101 1222 2189 legibus
1292 2098 1586 2168 refellitur
1606 2145 1632 2181 ,
1705 2119 1861 2183 quae
1931 2105 2138 2169 eadem
2199 2106 2425 2174 habent
2477 2111 2575 2176 in-

692 2232 953 2318 stituta,
1019 2249 1093 2300 ac
1158 2227 1379 2297 liberae
1430 2229 1576 2296 hinc
1642 2227 1720 2293 ab
1789 2227 1958 2294 omni
2023 2229 2440 2302 innovationis
2485 2253 2592 2302 su·

679 2359 980 2446 spicione.

766 2487 929 2557 Sunt
974 2489 1164 2572 igitur
1224 2489 1457 2560 banniti
1517 2490 1614 2554 vel
1669 2487 1915 2572 utlagati
1942 2534 1963 2567 ,
2021 2491 2128 2572 qui
2181 2492 2259 2556 ad
2309 2507 2588 2576 quartam

688 2615 961 2700 legitime
1008 2613 1227 2682 saetam
1256 2617 1608 2681 citationem
1645 2615 1709 2680 in
1760 2616 2000 2700 judicio
2053 2619 2264 2685 sistere
2311 2623 2579 2704 nolunt,

676 2753 751 2806 ut
800 2737 875 2804 de
926 2733 1123 2804 fracta
1164 2739 1339 2804 ducis
1393 2754 1543 2820 pace
1593 2739 2004 2819 respondeant
2057 2745 2091 2825 <
2111 2745 2268 2825 38).
2355 2745 2580 2814 Mulie..

686 2885 785 2936 res
835 2882 1023 2946 vero,
1064 2863 1209 2946 quia
1261 2881 1388 2932 non
1442 2862 1562 2930 sub
1610 2880 1760 2946 pace
1821 2869 2260 2952 continentur,
2325 2877 2580 2958 utlagari
2631 2918 2642 2926 -

704 3008 1020 3080 nequeunt
1039 3038 1066 3076 ,
1100 2991 1211 3060 sed
1271 2991 1601 3060 wavore‘ae
1619 3035 1646 3070 ‚
1709 2991 1774 3057 id
1827 3009 1920 3058 est
1953 2995 2266 3063 derelictae
2317 3001 2594 3082 perditae

686 3125 978 3194 dicuntur
1026 3119 1065 3205 (
1082 3139 1162 3206 39
1185 3121 1247 3203 )·
1344 3119 1483 3188 Nec
1571 3120 1858 3202 cuiquam
1943 3139 2054 3190 eos
2109 3128 2372 3209 recipere
2425 3143 2594 3196 tecto

685 3265 792 3319 ant
828 3251 973 3320 cibo
1002 3263 1347 3318 sustentare
1396 3249 1543 3316 licet
1566 3294 1592 3330 ,
1621 3268 1694 3315 ac
1745 3263 2058 3334 propterea
2107 3219 2350 3322 dicitur¹
2372 3256 2588 3338 Angli-

686 3395 761 3448 σε
793 3378 967 3462 lege,
1028 3395 1063 3442 a
1098 3376 1566 3462 frendlessman
1598 3396 1714 3445 nec
1775 3377 2188 3461 requirebatur
2239 3382 2297 3449 si
2350 3383 2593 3450 occide-

2499 3527 2592 3575 te·

789 3719 949 3788 (38)
998 3725 1116 3782 LL.
1168 3729 1579 3786 Hominemne.
1633 3749 1718 3796 23.
1770 3733 2146 3790 cf.Breo.at}1
2173 3749 2230 3803 p.

790 3805 823 3865 <
836 3808 946 3869 39)
977 3807 1166 3864 Βιιττ.
1204 3813 1337 3874 cap.
1378 3826 1464 3867 ια.
1523 3815 1638 3868 Hoc
1667 3814 1890 3875 inprimis
1925 3830 2218 3882 argumento
2247 3833 2348 3882 quo
2310 3753 2396 3871 o⁵d
2413 3817 2582 3872 Exlex

686 3893 755 3952 eit
814 3892 968 3959 regali
1008 3895 1251 3958 pracsidio
1298 3897 1590 3958 destitutus·
