3000 4917
601 351 727 421 ngo
1439 338 1685 399 Ξ

614 527 776 596 rium
824 506 1094 593 civili'mn
1143 519 1557 591 contendunt.
1660 517 1893 588 vuum
1943 519 2047 591 hic
2098 519 2392 606 obiicitur
2452 526 2535 609 ig

626 651 978 723 definitione
1038 647 1265 733 requiri
1286 694 1314 732 ,
1376 664 1450 714 ut
1503 647 1690 716 verba
1711 693 1739 731 ,
1793 648 2023 731 quibus
2070 652 2481 732 componitur
2512 698 2551 734 ‚

615 782 776 849 olm
817 779 994 860 nint,
1049 782 1254 861 neque
1286 776 1588 859 embigm.
1672 776 1866 860 Igitur
1902 778 2047 860 quia
2074 778 2359 860 {multum
2394 778 2545 848 fuit

616 910 998 992 disputatum
1020 951 1049 988 ,
1107 906 1260 988 quid
1305 904 1551 990 juribus
1592 903 1886 972 civilibus
1931 905 2360 989 contineatur,
2415 927 2555 991 pa-

617 1056 757 1105 rum
805 1037 956 1104 hacc
1025 1037 1206 1104 verba
1260 1040 1524 1121 juvant,
1600 1054 1745 1101 cum
1794 1055 1894 1103 res
1942 1053 2074 1103 non
2120 1035 2542 1121 illustretur,

619 1166 733 1236 aed
782 1166 999 1235 multia
1053 1166 1394 1234 involvatur
1463 1162 1849 1249 ambagibus.
1956 1166 2050 1231 At
2104 1179 2237 1232 non
2284 1176 2539 1232 tantum

636 1294 899 1363 obscum
945 1292 1228 1363 definitio
1251 1338 1279 1376 ,
1319 1295 1433 1361 aed
1479 1312 1878 1378 quocumque
1912 1312 2103 1362 sensu
2140 1293 2282 1378 jura
2332 1293 2555 1361 civilia

623 1422 1071 1508 inelligantur,
1134 1423 1315 1487 ctiam
1369 1417 1530 1487 falsa
1584 1435 1703 1487 eat.
1787 1419 1951 1488 Nam
2005 1421 2119 1489 ubi
2171 1422 2321 1489 haec
2374 1420 2567 1486 acci·-

622 1550 865 1635 pimns,
931 1547 1106 1632 quasi
1174 1565 1244 1612 ea
1294 1547 1825 1629 complectantur,
1886 1565 2042 1629 quae
2094 1546 2338 1615 civibus
2390 1559 2528 1615 tan-

624 1689 758 1742 tum
809 1674 1291 1760 permittuntur,
1329 1673 1602 1739 civiliter
1645 1687 1930 1739 mortuus
1954 1674 2091 1759 jure
2129 1671 2376 1740 Gallico
2406 1674 2527 1740 erit

619 1803 763 1886 ille,
823 1803 932 1888 qui
987 1800 1292 1870 civitatem
1342 1799 1648 1867 Gallicam
1706 1797 1979 1880 amittit,
2036 1817 2185 1883 ergo
2237 1797 2311 1864 fit
2358 1818 2549 1882 persp.

623 1930 885 2015 grinon
963 1928 1149 2018 hujus
1215 1948 1363 1997 vero
1431 1946 1545 1995 nec
1599 1927 2048 1993 matrimonium
2116 1928 2475 1994 dissolvitur
2498 1974 2530 2011 ,

629 2074 747 2124 nec
797 2058 935 2142 ipae
981 2058 1060 2125 ab
1108 2060 1460 2127 actionibus
1512 2059 1888 2141 caeterisque
1915 2059 2068 2140 jnris
2120 2060 2400 2126 remediis
2438 2077 2539 2127 at·

623 2194 850 2269 cetur3
910 2198 976 2252 at
1016 2184 1166 2260 haec
1219 2185 1484 2253 civiliter
1517 2199 1763 2252 mortuo
1796 2183 2173 2252 adimuntur.
2265 2183 2441 2268 Ergo
2474 2186 2548 2250 εἰ

628 2311 766 2399 jura
796 2309 999 2378 civilia
1035 2311 1196 2378 idem
1217 2348 1245 2393 ‚
1283 2313 1458 2396 quod
1480 2313 1588 2397 jus
1617 2309 1884 2381 civitatis
1905 2355 1930 2391 ‚
1967 2329 2130 2378 mors
2161 2311 2362 2383 civilis
2396 2327 2525 2378 non

624 2454 724 2507 eat
781 2441 1016 2525 jurium
1084 2443 1365 2510 civilium
1422 2442 1683 2528 privatio
1703 2487 1728 2525 ,
1792 2442 1902 2508 sed
1965 2444 2212 2527 gravius
2263 2438 2533 2527 premit,

619 2582 807 2647 quam
857 2567 1076 2634 exinde
1127 2569 1593 2654 intelligeretur.

709 2687 823 2759 Sin
876 2707 1020 2756 vero
1064 2694 1202 2777 jura
1255 2696 1460 2761 civilia
1517 2694 1843 2764 Gallorum
1903 2715 2033 2763 non
2088 2709 2324 2767 tantum
2377 2692 2530 2762 civi-

624 2819 769 2889 tatis
816 2820 922 2908 jus
971 2821 1375 2903 contineant,
1434 2823 1546 2890 sed
1583 2836 1648 2889 et
1694 2842 1762 2895 ea
1785 2871 1810 2906 ,
1855 2841 1927 2890 ut
1976 2826 2063 2891 ita
2120 2823 2358 2902 dicam,
2402 2794 2543 2904 priss

627 2950 894 3036 vilegia‚
957 2966 1113 3033 quae
1151 2952 1485 3036 peregrinis
1533 2955 1958 3023 conceduntur
1976 2998 1998 3035 ,
2057 2952 2321 3020 civiliter
2369 2969 2534 3018 mor·

624 3082 721 3149 tui
762 3079 952 3148 vitam
1010 3080 1252 3148 civilem
1300 3081 1636 3164 amittunt,
1677 3083 1742 3149 id
1792 3096 1928 3162 est,
1988 3082 2270 3149 societati
2312 3082 2537 3152 huma·

629 3223 743 3275 nae
800 3204 1188 3288 moriuntur,
1252 3222 1400 3290 quo.
1428 3208 1507 3274 ad
1557 3206 1770 3274 mortis
1827 3205 2139 3274 fictionem
2198 3209 2390 3276 redire
2425 3226 2542 3297 co-

519 3410 522 3417 „
632 3334 877 3419 gimur‚
953 3350 1137 3415 quam
1195 3350 1382 3416 supra
1440 3330 1765 3405 Gallorum
1815 3336 2328 3420 jurisprudentiae
2378 3354 2539 3405 con-

628 3460 871 3529 trariam
923 3461 1208 3545 probavi.
1612 3538 1627 3544 ,

712 3587 955 3656 Eodem
1020 3610 1116 3658 res
1162 3591 1319 3658 redit
1365 3592 1422 3658 si
1472 3590 1613 3675 J'ura
1662 3589 1862 3659 civilia
1917 3589 2239 3674 intelligam
2260 3635 2287 3674 ,
2343 3588 2549 3659 facul·

633 3728 813 3783 tatem
865 3721 1083 3803 agendi
1135 3738 1241 3802 ea,
1315 3738 1473 3803 quae
1523 3718 1765 3804 legibus
1815 3720 2077 3787 civitatis
2121 3732 2417 3805 reguntur
2464 3738 2539 3791 nc

632 3840 1027 3920 definiuntur.
1113 3845 1275 3919 Nam
1315 3846 1433 3915 etsi
1459 3845 1608 3930 Jure
1650 3824 1907 3917 ’Gallico
1953 3851 2095 3934 plus
2132 3851 2307 3919 liceat
2342 3867 2537 3931 quam

2399 3993 2540 4060 reg-
