<?xml version="1.0" encoding="UTF-8"?>
<!DOCTYPE html PUBLIC "-//W3C//DTD XHTML 1.0 Transitional//EN"
    "http://www.w3.org/TR/xhtml1/DTD/xhtml1-transitional.dtd">
<html xmlns="http://www.w3.org/1999/xhtml" xml:lang="en" lang="en">
 <head>
  <title>
</title>
<meta http-equiv="Content-Type" content="text/html;charset=utf-8" />
  <meta name='ocr-system' content='tesseract 3.04.00' />
  <meta name='ocr-capabilities' content='ocr_page ocr_carea ocr_par ocr_line ocrx_word'/>
</head>
<body>
  <div class='ocr_page' id='page_1' title='image "./demortecivili00unkngoog_0139.png"; bbox 0 0 3000 4917; ppageno 0'>
   <div class='ocr_carea' id='block_1_1' title="bbox 1308 395 2396 488">
    <p class='ocr_par' dir='ltr' id='par_1_1' title="bbox 1308 395 2396 488">
     <span class='ocr_line' id='line_1_1' title="bbox 1308 395 2396 488; baseline 0.004 -22"><span class='ocrx_word' id='word_1_1' title='bbox 1308 395 1563 466; x_wconf 72' lang='lat'>&#39;=·</span> <span class='ocrx_word' id='word_1_2' title='bbox 1700 405 1714 422; x_wconf 94' lang='lat'><strong>·</strong></span> <span class='ocrx_word' id='word_1_3' title='bbox 2273 413 2396 488; x_wconf 66' lang='lat' dir='ltr'>ug</span> 
     </span>
    </p>
   </div>
   <div class='ocr_carea' id='block_1_2' title="bbox 490 583 2466 4135">
    <p class='ocr_par' dir='ltr' id='par_1_2' title="bbox 490 583 2466 1685">
     <span class='ocr_line' id='line_1_2' title="bbox 490 583 2396 674; baseline 0 -12"><span class='ocrx_word' id='word_1_4' title='bbox 490 606 669 662; x_wconf 65' lang='lat' dir='ltr'>mm</span> <span class='ocrx_word' id='word_1_5' title='bbox 697 592 901 661; x_wconf 67' lang='lat' dir='ltr'>mm</span> <span class='ocrx_word' id='word_1_6' title='bbox 940 605 1137 660; x_wconf 70' lang='lat' dir='ltr'>treetu</span> <span class='ocrx_word' id='word_1_7' title='bbox 1182 588 1477 674; x_wconf 66' lang='lat' dir='ltr'>temporis</span> <span class='ocrx_word' id='word_1_8' title='bbox 1505 589 1584 656; x_wconf 76' lang='lat' dir='ltr'>sb</span> <span class='ocrx_word' id='word_1_9' title='bbox 1611 586 1866 671; x_wconf 72' lang='lat' dir='ltr'>antiquo</span> <span class='ocrx_word' id='word_1_10' title='bbox 1897 583 2247 673; x_wconf 47' lang='lat' dir='ltr'>&amp;gravem</span> <span class='ocrx_word' id='word_1_11' title='bbox 2272 607 2396 665; x_wconf 71' lang='lat' dir='ltr'>uss·</span> 
     </span>
     <span class='ocr_line' id='line_1_3' title="bbox 496 715 2397 807; baseline 0.002 -19"><span class='ocrx_word' id='word_1_12' title='bbox 496 739 573 789; x_wconf 72' lang='lat' dir='ltr'>sc</span> <span class='ocrx_word' id='word_1_13' title='bbox 606 737 751 788; x_wconf 79' lang='lat' dir='ltr'>cum</span> <span class='ocrx_word' id='word_1_14' title='bbox 778 720 957 788; x_wconf 71' lang='lat' dir='ltr'>civile</span> <span class='ocrx_word' id='word_1_15' title='bbox 989 725 1112 807; x_wconf 70' lang='lat' dir='ltr'>jam</span> <span class='ocrx_word' id='word_1_16' title='bbox 1135 715 1566 804; x_wconf 69' lang='lat' dir='ltr'><strong>intelligeretur</strong></span> <span class='ocrx_word' id='word_1_17' title='bbox 1584 763 1609 800; x_wconf 90' lang='lat'><strong>,</strong></span> <span class='ocrx_word' id='word_1_18' title='bbox 1635 715 1805 803; x_wconf 84' lang='lat' dir='ltr'>quod</span> <span class='ocrx_word' id='word_1_19' title='bbox 1829 715 2086 786; x_wconf 75' lang='lat' dir='ltr'>civitatis</span> <span class='ocrx_word' id='word_1_20' title='bbox 2119 733 2214 788; x_wconf 68' lang='lat' dir='ltr'>est</span> <span class='ocrx_word' id='word_1_21' title='bbox 2231 765 2258 804; x_wconf 86' lang='lat'><strong>,</strong></span> <span class='ocrx_word' id='word_1_22' title='bbox 2283 737 2397 792; x_wconf 79' lang='lat' dir='ltr'>seu</span> 
     </span>
     <span class='ocr_line' id='line_1_4' title="bbox 510 837 2398 934; baseline 0 -17"><span class='ocrx_word' id='word_1_23' title='bbox 510 837 587 917; x_wconf 71' lang='lat' dir='ltr'>eo</span> <span class='ocrx_word' id='word_1_24' title='bbox 622 851 883 934; x_wconf 75' lang='lat' dir='ltr'>pertinet</span> <span class='ocrx_word' id='word_1_25' title='bbox 908 898 931 933; x_wconf 87' lang='lat'><strong>‚</strong></span> <span class='ocrx_word' id='word_1_26' title='bbox 948 843 1037 918; x_wconf 86' lang='lat' dir='ltr'>uti</span> <span class='ocrx_word' id='word_1_27' title='bbox 1066 847 1359 917; x_wconf 70' lang='lat' dir='ltr'>Romanis</span> <span class='ocrx_word' id='word_1_28' title='bbox 1374 849 1618 917; x_wconf 75' lang='lat' dir='ltr'>solitum</span> <span class='ocrx_word' id='word_1_29' title='bbox 1635 890 1659 928; x_wconf 89' lang='lat'><strong>‚</strong></span> <span class='ocrx_word' id='word_1_30' title='bbox 1673 841 1806 934; x_wconf 81' lang='lat' dir='ltr'>Juri</span> <span class='ocrx_word' id='word_1_31' title='bbox 1817 845 2260 919; x_wconf 80' lang='lat' dir='ltr'>Germanorum</span> <span class='ocrx_word' id='word_1_32' title='bbox 2283 850 2398 917; x_wconf 82' lang='lat' dir='ltr'>mi-</span> 
     </span>
     <span class='ocr_line' id='line_1_5' title="bbox 510 977 2404 1064; baseline 0.001 -18"><span class='ocrx_word' id='word_1_33' title='bbox 510 995 633 1048; x_wconf 79' lang='lat' dir='ltr'>nus</span> <span class='ocrx_word' id='word_1_34' title='bbox 670 993 835 1046; x_wconf 78' lang='lat' dir='ltr'>recte</span> <span class='ocrx_word' id='word_1_35' title='bbox 884 979 1167 1064; x_wconf 70' lang='lat' dir='ltr'>applicari</span> <span class='ocrx_word' id='word_1_36' title='bbox 1200 989 1477 1063; x_wconf 67' lang='lat' dir='ltr'>potentg</span> <span class='ocrx_word' id='word_1_37' title='bbox 1509 991 1579 1045; x_wconf 74' lang='lat' dir='ltr'>ae</span> <span class='ocrx_word' id='word_1_38' title='bbox 1623 979 1896 1060; x_wconf 78' lang='lat' dir='ltr'>quamvis</span> <span class='ocrx_word' id='word_1_39' title='bbox 1927 977 2210 1045; x_wconf 74' lang='lat' dir='ltr'>multam</span> <span class='ocrx_word' id='word_1_40' title='bbox 2246 979 2404 1047; x_wconf 73' lang='lat' dir='ltr'>Ger-</span> 
     </span>
     <span class='ocr_line' id='line_1_6' title="bbox 496 1107 2400 1189; baseline 0 -15"><span class='ocrx_word' id='word_1_41' title='bbox 496 1107 757 1174; x_wconf 78' lang='lat' dir='ltr'>manicis</span> <span class='ocrx_word' id='word_1_42' title='bbox 804 1107 1246 1178; x_wconf 72' lang='lat' dir='ltr'>commentariis</span> <span class='ocrx_word' id='word_1_43' title='bbox 1300 1107 1379 1173; x_wconf 82' lang='lat' dir='ltr'>de</span> <span class='ocrx_word' id='word_1_44' title='bbox 1432 1107 1818 1174; x_wconf 72' lang='lat' dir='ltr'>similitudine</span> <span class='ocrx_word' id='word_1_45' title='bbox 1863 1107 2020 1172; x_wconf 74' lang='lat' dir='ltr'>inter</span> <span class='ocrx_word' id='word_1_46' title='bbox 2051 1108 2400 1189; x_wconf 77' lang='lat' dir='ltr'>deportatos</span> 
     </span>
     <span class='ocr_line' id='line_1_7' title="bbox 502 1233 2410 1318; baseline 0.001 -17"><span class='ocrx_word' id='word_1_47' title='bbox 502 1247 577 1301; x_wconf 70' lang='lat' dir='ltr'>ee</span> <span class='ocrx_word' id='word_1_48' title='bbox 614 1234 895 1302; x_wconf 71' lang='lat' dir='ltr'>limites</span> <span class='ocrx_word' id='word_1_49' title='bbox 926 1249 1137 1318; x_wconf 82' lang='lat' dir='ltr'>postea</span> <span class='ocrx_word' id='word_1_50' title='bbox 1160 1234 1467 1316; x_wconf 82' lang='lat' dir='ltr'>scriptum.</span> <span class='ocrx_word' id='word_1_51' title='bbox 1501 1233 1582 1299; x_wconf 84' lang='lat' dir='ltr'>sit</span> <span class='ocrx_word' id='word_1_52' title='bbox 1598 1273 1622 1315; x_wconf 77' lang='lat'><strong>,</strong></span> <span class='ocrx_word' id='word_1_53' title='bbox 1660 1234 2039 1316; x_wconf 80' lang='lat' dir='ltr'>multumque</span> <span class='ocrx_word' id='word_1_54' title='bbox 2071 1235 2286 1300; x_wconf 82' lang='lat' dir='ltr'>exinde</span> <span class='ocrx_word' id='word_1_55' title='bbox 2329 1236 2410 1302; x_wconf 83' lang='lat' dir='ltr'>de</span> 
     </span>
     <span class='ocr_line' id='line_1_8' title="bbox 505 1361 2406 1451; baseline 0.001 -20"><span class='ocrx_word' id='word_1_56' title='bbox 505 1365 655 1451; x_wconf 73' lang='lat' dir='ltr'>jure</span> <span class='ocrx_word' id='word_1_57' title='bbox 682 1365 964 1431; x_wconf 77' lang='lat' dir='ltr'>Romano</span> <span class='ocrx_word' id='word_1_58' title='bbox 1008 1364 1335 1449; x_wconf 77' lang='lat' dir='ltr'>agitatum3</span> <span class='ocrx_word' id='word_1_59' title='bbox 1376 1361 1544 1427; x_wconf 86' lang='lat' dir='ltr'>omni</span> <span class='ocrx_word' id='word_1_60' title='bbox 1569 1361 1956 1445; x_wconf 82' lang='lat' dir='ltr'>interpretum</span> <span class='ocrx_word' id='word_1_61' title='bbox 2001 1363 2242 1432; x_wconf 75' lang='lat' dir='ltr'>conatui</span> <span class='ocrx_word' id='word_1_62' title='bbox 2277 1377 2406 1432; x_wconf 75' lang='lat' dir='ltr'>res·-</span> 
     </span>
     <span class='ocr_line' id='line_1_9' title="bbox 510 1489 2466 1576; baseline 0.003 -19"><span class='ocrx_word' id='word_1_63' title='bbox 510 1492 637 1558; x_wconf 81' lang='lat' dir='ltr'>titit</span> <span class='ocrx_word' id='word_1_64' title='bbox 680 1492 844 1576; x_wconf 83' lang='lat' dir='ltr'>vulgi</span> <span class='ocrx_word' id='word_1_65' title='bbox 872 1491 1081 1576; x_wconf 88' lang='lat' dir='ltr'>opinio</span> <span class='ocrx_word' id='word_1_66' title='bbox 1103 1538 1126 1573; x_wconf 86' lang='lat'><strong>‚</strong></span> <span class='ocrx_word' id='word_1_67' title='bbox 1178 1489 1528 1574; x_wconf 78' lang='lat' dir='ltr'>praesertim</span> <span class='ocrx_word' id='word_1_68' title='bbox 1573 1499 1711 1556; x_wconf 80' lang='lat' dir='ltr'>cum</span> <span class='ocrx_word' id='word_1_69' title='bbox 1749 1489 1824 1555; x_wconf 78' lang='lat' dir='ltr'>ad</span> <span class='ocrx_word' id='word_1_70' title='bbox 1858 1489 2066 1557; x_wconf 84' lang='lat' dir='ltr'>mitius</span> <span class='ocrx_word' id='word_1_71' title='bbox 2099 1491 2404 1575; x_wconf 81' lang='lat' dir='ltr'>ingenium</span> <span class='ocrx_word' id='word_1_72' title='bbox 2461 1555 2466 1563; x_wconf 90' lang='lat'>.</span> 
     </span>
     <span class='ocr_line' id='line_1_10' title="bbox 512 1609 1522 1685; baseline -0.004 0"><span class='ocrx_word' id='word_1_73' title='bbox 512 1619 917 1685; x_wconf 66' lang='lat' dir='ltr'>descendisset</span> <span class='ocrx_word' id='word_1_74' title='bbox 960 1609 1241 1684; x_wconf 76' lang='lat' dir='ltr'>foi-banni</span> <span class='ocrx_word' id='word_1_75' title='bbox 1288 1630 1522 1682; x_wconf 72' lang='lat' dir='ltr'>natura.</span> 
     </span>
    </p>

    <p class='ocr_par' dir='ltr' id='par_1_3' title="bbox 504 1743 2419 4008">
     <span class='ocr_line' id='line_1_11' title="bbox 599 1743 2408 1830; baseline -0.001 -15"><span class='ocrx_word' id='word_1_76' title='bbox 599 1747 721 1815; x_wconf 85' lang='lat' dir='ltr'>Sed</span> <span class='ocrx_word' id='word_1_77' title='bbox 776 1759 837 1814; x_wconf 88' lang='lat' dir='ltr'>et</span> <span class='ocrx_word' id='word_1_78' title='bbox 870 1746 1107 1830; x_wconf 82' lang='lat' dir='ltr'>saepius</span> <span class='ocrx_word' id='word_1_79' title='bbox 1148 1745 1359 1811; x_wconf 73' lang='lat' dir='ltr'>accidit</span> <span class='ocrx_word' id='word_1_80' title='bbox 1378 1785 1403 1824; x_wconf 86' lang='lat'>‚</span> <span class='ocrx_word' id='word_1_81' title='bbox 1452 1759 1524 1810; x_wconf 91' lang='lat' dir='ltr'>ut</span> <span class='ocrx_word' id='word_1_82' title='bbox 1586 1743 1859 1810; x_wconf 86' lang='lat' dir='ltr'>homines</span> <span class='ocrx_word' id='word_1_83' title='bbox 1875 1784 1902 1827; x_wconf 82' lang='lat'><strong>,</strong></span> <span class='ocrx_word' id='word_1_84' title='bbox 1957 1745 2101 1812; x_wconf 89' lang='lat' dir='ltr'>dum</span> <span class='ocrx_word' id='word_1_85' title='bbox 2145 1743 2408 1814; x_wconf 72' lang='lat' dir='ltr'>novandi</span> 
     </span>
     <span class='ocr_line' id='line_1_12' title="bbox 516 1866 2407 1954; baseline -0.003 -10"><span class='ocrx_word' id='word_1_86' title='bbox 516 1873 717 1944; x_wconf 83' lang='lat' dir='ltr'>studio</span> <span class='ocrx_word' id='word_1_87' title='bbox 750 1871 1158 1954; x_wconf 79' lang='lat' dir='ltr'>corripiuntur</span> <span class='ocrx_word' id='word_1_88' title='bbox 1176 1915 1201 1950; x_wconf 89' lang='lat'><strong>,</strong></span> <span class='ocrx_word' id='word_1_89' title='bbox 1246 1867 1323 1934; x_wconf 80' lang='lat' dir='ltr'>ab</span> <span class='ocrx_word' id='word_1_90' title='bbox 1371 1867 1477 1932; x_wconf 86' lang='lat' dir='ltr'>illo</span> <span class='ocrx_word' id='word_1_91' title='bbox 1522 1866 1732 1935; x_wconf 83' lang='lat' dir='ltr'>furore</span> <span class='ocrx_word' id='word_1_92' title='bbox 1763 1870 1826 1933; x_wconf 87' lang='lat' dir='ltr'>in</span> <span class='ocrx_word' id='word_1_93' title='bbox 1867 1869 2221 1949; x_wconf 80' lang='lat' dir='ltr'>quibusdam</span> <span class='ocrx_word' id='word_1_94' title='bbox 2259 1888 2407 1939; x_wconf 79' lang='lat' dir='ltr'>avo-</span> 
     </span>
     <span class='ocr_line' id='line_1_13' title="bbox 514 1991 2415 2081; baseline -0.002 -14"><span class='ocrx_word' id='word_1_95' title='bbox 514 1991 774 2081; x_wconf 46' lang='lat' dir='ltr'>centum</span> <span class='ocrx_word' id='word_1_96' title='bbox 848 1998 993 2063; x_wconf 85' lang='lat' dir='ltr'>dum</span> <span class='ocrx_word' id='word_1_97' title='bbox 1068 1993 1276 2060; x_wconf 75' lang='lat' dir='ltr'>similia</span> <span class='ocrx_word' id='word_1_98' title='bbox 1348 1992 1536 2077; x_wconf 83' lang='lat' dir='ltr'>magis</span> <span class='ocrx_word' id='word_1_99' title='bbox 1587 1992 1831 2061; x_wconf 84' lang='lat' dir='ltr'>illorum</span> <span class='ocrx_word' id='word_1_100' title='bbox 1883 1994 2116 2062; x_wconf 79' lang='lat' dir='ltr'>animos</span> <span class='ocrx_word' id='word_1_101' title='bbox 2162 2010 2415 2080; x_wconf 80' lang='lat' dir='ltr'>propter</span> 
     </span>
     <span class='ocr_line' id='line_1_14' title="bbox 516 2125 2412 2212; baseline 0.002 -18"><span class='ocrx_word' id='word_1_102' title='bbox 516 2125 765 2194; x_wconf 74' lang='lat' dir='ltr'>effectus</span> <span class='ocrx_word' id='word_1_103' title='bbox 813 2128 1019 2195; x_wconf 88' lang='lat' dir='ltr'>sensui</span> <span class='ocrx_word' id='word_1_104' title='bbox 1067 2125 1447 2195; x_wconf 78' lang='lat' dir='ltr'>terribiliores</span> <span class='ocrx_word' id='word_1_105' title='bbox 1500 2137 1827 2212; x_wconf 81' lang='lat' dir='ltr'><strong>occupent.</strong></span> <span class='ocrx_word' id='word_1_106' title='bbox 1929 2129 2022 2195; x_wconf 83' lang='lat' dir='ltr'>Ac</span> <span class='ocrx_word' id='word_1_107' title='bbox 2058 2129 2162 2196; x_wconf 87' lang='lat' dir='ltr'>tali</span> <span class='ocrx_word' id='word_1_108' title='bbox 2199 2147 2412 2201; x_wconf 85' lang='lat' dir='ltr'>causae</span> 
     </span>
     <span class='ocr_line' id='line_1_15' title="bbox 516 2253 2414 2342; baseline 0.001 -19"><span class='ocrx_word' id='word_1_109' title='bbox 516 2257 698 2323; x_wconf 79' lang='lat' dir='ltr'>simul</span> <span class='ocrx_word' id='word_1_110' title='bbox 738 2254 923 2322; x_wconf 79' lang='lat' dir='ltr'>tribui</span> <span class='ocrx_word' id='word_1_111' title='bbox 966 2272 1154 2338; x_wconf 83' lang='lat' dir='ltr'>posse</span> <span class='ocrx_word' id='word_1_112' title='bbox 1186 2253 1332 2318; x_wconf 87' lang='lat' dir='ltr'>mihi</span> <span class='ocrx_word' id='word_1_113' title='bbox 1384 2254 1622 2320; x_wconf 82' lang='lat' dir='ltr'>videtur</span> <span class='ocrx_word' id='word_1_114' title='bbox 1645 2298 1670 2334; x_wconf 87' lang='lat'>‚</span> <span class='ocrx_word' id='word_1_115' title='bbox 1708 2255 1876 2337; x_wconf 90' lang='lat' dir='ltr'>quod</span> <span class='ocrx_word' id='word_1_116' title='bbox 1905 2257 2225 2339; x_wconf 79' lang='lat' dir='ltr'>Imperialis</span> <span class='ocrx_word' id='word_1_117' title='bbox 2269 2276 2414 2342; x_wconf 89' lang='lat' dir='ltr'>pro·</span> 
     </span>
     <span class='ocr_line' id='line_1_16' title="bbox 514 2381 2414 2466; baseline 0.002 -16"><span class='ocrx_word' id='word_1_118' title='bbox 514 2381 805 2466; x_wconf 77' lang='lat' dir='ltr'>scriptio,</span> <span class='ocrx_word' id='word_1_119' title='bbox 854 2383 997 2450; x_wconf 85' lang='lat' dir='ltr'>dum</span> <span class='ocrx_word' id='word_1_120' title='bbox 1044 2381 1181 2448; x_wconf 77' lang='lat' dir='ltr'>alibi</span> <span class='ocrx_word' id='word_1_121' title='bbox 1217 2395 1439 2448; x_wconf 87' lang='lat' dir='ltr'>nomen</span> <span class='ocrx_word' id='word_1_122' title='bbox 1472 2401 1542 2446; x_wconf 83' lang='lat' dir='ltr'>ac</span> <span class='ocrx_word' id='word_1_123' title='bbox 1586 2382 1690 2466; x_wconf 84' lang='lat' dir='ltr'>jus</span> <span class='ocrx_word' id='word_1_124' title='bbox 1728 2396 1982 2451; x_wconf 86' lang='lat' dir='ltr'>mutaret</span> <span class='ocrx_word' id='word_1_125' title='bbox 2000 2431 2022 2466; x_wconf 87' lang='lat'><strong>,</strong></span> <span class='ocrx_word' id='word_1_126' title='bbox 2053 2385 2116 2452; x_wconf 87' lang='lat' dir='ltr'>in</span> <span class='ocrx_word' id='word_1_127' title='bbox 2159 2385 2414 2455; x_wconf 66' lang='lat' dir='ltr'>Germa-</span> 
     </span>
     <span class='ocr_line' id='line_1_17' title="bbox 516 2509 2410 2598; baseline 0.004 -21"><span class='ocrx_word' id='word_1_128' title='bbox 516 2509 615 2577; x_wconf 79' lang='lat' dir='ltr'>nia</span> <span class='ocrx_word' id='word_1_129' title='bbox 672 2509 1122 2578; x_wconf 85' lang='lat' dir='ltr'>subversionem</span> <span class='ocrx_word' id='word_1_130' title='bbox 1178 2512 1335 2580; x_wconf 86' lang='lat' dir='ltr'>illam</span> <span class='ocrx_word' id='word_1_131' title='bbox 1388 2511 1693 2596; x_wconf 81' lang='lat' dir='ltr'>effugerit.</span> <span class='ocrx_word' id='word_1_132' title='bbox 1775 2511 2040 2598; x_wconf 78' lang='lat' dir='ltr'>Cognita</span> <span class='ocrx_word' id='word_1_133' title='bbox 2076 2532 2222 2584; x_wconf 87' lang='lat' dir='ltr'>sunt</span> <span class='ocrx_word' id='word_1_134' title='bbox 2253 2515 2410 2584; x_wconf 86' lang='lat' dir='ltr'>enim</span> 
     </span>
     <span class='ocr_line' id='line_1_18' title="bbox 507 2639 2413 2724; baseline 0.003 -17"><span class='ocrx_word' id='word_1_135' title='bbox 507 2639 727 2724; x_wconf 83' lang='lat' dir='ltr'>judicia</span> <span class='ocrx_word' id='word_1_136' title='bbox 746 2641 1160 2723; x_wconf 74' lang='lat' dir='ltr'>westphalica</span> <span class='ocrx_word' id='word_1_137' title='bbox 1177 2661 1288 2710; x_wconf 88' lang='lat' dir='ltr'>seu</span> <span class='ocrx_word' id='word_1_138' title='bbox 1322 2641 1548 2709; x_wconf 80' lang='lat' dir='ltr'>vemica</span> <span class='ocrx_word' id='word_1_139' title='bbox 1568 2689 1591 2722; x_wconf 92' lang='lat'><strong>‚</strong></span> <span class='ocrx_word' id='word_1_140' title='bbox 1624 2639 1849 2724; x_wconf 84' lang='lat' dir='ltr'>quibus</span> <span class='ocrx_word' id='word_1_141' title='bbox 1865 2688 1889 2721; x_wconf 90' lang='lat'>‚</span> <span class='ocrx_word' id='word_1_142' title='bbox 1906 2641 2018 2707; x_wconf 87' lang='lat' dir='ltr'>etsi</span> <span class='ocrx_word' id='word_1_143' title='bbox 2035 2643 2271 2711; x_wconf 85' lang='lat' dir='ltr'>occulte</span> <span class='ocrx_word' id='word_1_144' title='bbox 2287 2639 2413 2712; x_wconf 86' lang='lat' dir='ltr'>imo</span> 
     </span>
     <span class='ocr_line' id='line_1_19' title="bbox 511 2766 2414 2858; baseline 0.004 -25"><span class='ocrx_word' id='word_1_145' title='bbox 511 2766 817 2834; x_wconf 70' lang='lat' dir='ltr'>arbitrarie</span> <span class='ocrx_word' id='word_1_146' title='bbox 870 2771 975 2854; x_wconf 75' lang='lat' dir='ltr'>Jus</span> <span class='ocrx_word' id='word_1_147' title='bbox 1030 2771 1115 2837; x_wconf 91' lang='lat' dir='ltr'>ibi</span> <span class='ocrx_word' id='word_1_148' title='bbox 1167 2773 1463 2842; x_wconf 79' lang='lat' dir='ltr'>diceretur</span> <span class='ocrx_word' id='word_1_149' title='bbox 1479 2821 1506 2855; x_wconf 88' lang='lat'>‚</span> <span class='ocrx_word' id='word_1_150' title='bbox 1568 2773 2010 2858; x_wconf 84' lang='lat' dir='ltr'>proscriptione</span> <span class='ocrx_word' id='word_1_151' title='bbox 2057 2789 2169 2841; x_wconf 85' lang='lat' dir='ltr'>sua</span> <span class='ocrx_word' id='word_1_152' title='bbox 2211 2787 2414 2840; x_wconf 81' lang='lat' dir='ltr'>tamen</span> 
     </span>
     <span class='ocr_line' id='line_1_20' title="bbox 512 2897 2419 2983; baseline 0.003 -24"><span class='ocrx_word' id='word_1_153' title='bbox 512 2897 689 2960; x_wconf 78' lang='lat' dir='ltr'>etiam</span> <span class='ocrx_word' id='word_1_154' title='bbox 710 2901 1013 2966; x_wconf 78' lang='lat' dir='ltr'>etcertius</span> <span class='ocrx_word' id='word_1_155' title='bbox 1054 2911 1115 2965; x_wconf 88' lang='lat' dir='ltr'>et</span> <span class='ocrx_word' id='word_1_156' title='bbox 1146 2917 1462 2983; x_wconf 79' lang='lat' dir='ltr'>propterea</span> <span class='ocrx_word' id='word_1_157' title='bbox 1493 2901 1819 2969; x_wconf 80' lang='lat' dir='ltr'>terribilius</span> <span class='ocrx_word' id='word_1_158' title='bbox 1855 2897 2234 2968; x_wconf 85' lang='lat' dir='ltr'>condemnati</span> <span class='ocrx_word' id='word_1_159' title='bbox 2251 2899 2419 2980; x_wconf 82' lang='lat' dir='ltr'>plec-</span> 
     </span>
     <span class='ocr_line' id='line_1_21' title="bbox 512 2995 2415 3108; baseline 0.001 -21"><span class='ocrx_word' id='word_1_160' title='bbox 512 3021 816 3091; x_wconf 77' lang='lat' dir='ltr'>tebantur.</span> <span class='ocrx_word' id='word_1_161' title='bbox 902 2995 1242 3093; x_wconf 66' lang='lat' dir='ltr'>&#39;Fatendum</span> <span class='ocrx_word' id='word_1_162' title='bbox 1308 3025 1465 3091; x_wconf 87' lang='lat' dir='ltr'>enim</span> <span class='ocrx_word' id='word_1_163' title='bbox 1529 3037 1622 3091; x_wconf 85' lang='lat' dir='ltr'>est</span> <span class='ocrx_word' id='word_1_164' title='bbox 1685 3027 1738 3092; x_wconf 87' lang='lat' dir='ltr'>si</span> <span class='ocrx_word' id='word_1_165' title='bbox 1806 3045 2033 3108; x_wconf 86' lang='lat' dir='ltr'>paucos</span> <span class='ocrx_word' id='word_1_166' title='bbox 2079 3039 2256 3090; x_wconf 87' lang='lat' dir='ltr'>casus</span> <span class='ocrx_word' id='word_1_167' title='bbox 2302 3041 2415 3090; x_wconf 55' lang='lat' dir='ltr'>exa</span> 
     </span>
     <span class='ocr_line' id='line_1_22' title="bbox 508 3149 2416 3234; baseline 0.002 -18"><span class='ocrx_word' id='word_1_168' title='bbox 508 3149 696 3231; x_wconf 77' lang='lat' dir='ltr'>cipias</span> <span class='ocrx_word' id='word_1_169' title='bbox 755 3169 891 3224; x_wconf 81' lang='lat' dir='ltr'>raro</span> <span class='ocrx_word' id='word_1_170' title='bbox 962 3153 1139 3234; x_wconf 75' lang='lat' dir='ltr'>plane</span> <span class='ocrx_word' id='word_1_171' title='bbox 1196 3169 1451 3232; x_wconf 90' lang='lat' dir='ltr'>scopum</span> <span class='ocrx_word' id='word_1_172' title='bbox 1514 3169 1588 3216; x_wconf 85' lang='lat' dir='ltr'>ex</span> <span class='ocrx_word' id='word_1_173' title='bbox 1644 3151 1776 3233; x_wconf 80' lang='lat' dir='ltr'>ipsa</span> <span class='ocrx_word' id='word_1_174' title='bbox 1823 3171 2019 3219; x_wconf 88' lang='lat' dir='ltr'>rerum</span> <span class='ocrx_word' id='word_1_175' title='bbox 2065 3165 2273 3220; x_wconf 81' lang='lat' dir='ltr'>natura</span> <span class='ocrx_word' id='word_1_176' title='bbox 2318 3151 2416 3220; x_wconf 84' lang='lat' dir='ltr'>fe·</span> 
     </span>
     <span class='ocr_line' id='line_1_23' title="bbox 510 3254 2409 3363; baseline 0.002 -17"><span class='ocrx_word' id='word_1_177' title='bbox 510 3278 681 3346; x_wconf 83' lang='lat' dir='ltr'>riisse</span> <span class='ocrx_word' id='word_1_178' title='bbox 692 3277 991 3363; x_wconf 81' lang='lat' dir='ltr'>imperiale</span> <span class='ocrx_word' id='word_1_179' title='bbox 1003 3277 1366 3346; x_wconf 82' lang='lat' dir='ltr'>forbannum</span> <span class='ocrx_word' id='word_1_180' title='bbox 1390 3325 1413 3360; x_wconf 87' lang='lat'><strong>‚</strong></span> <span class='ocrx_word' id='word_1_181' title='bbox 1430 3273 1704 3360; x_wconf 84' lang='lat' dir='ltr'>inprimis</span> <span class='ocrx_word' id='word_1_182' title='bbox 1720 3254 2044 3361; x_wconf 84' lang='lat' dir='ltr'>postquam</span> <span class='ocrx_word' id='word_1_183' title='bbox 2061 3280 2409 3349; x_wconf 82' lang='lat' dir='ltr'>decrescens</span> 
     </span>
     <span class='ocr_line' id='line_1_24' title="bbox 508 3404 2411 3492; baseline 0 -17"><span class='ocrx_word' id='word_1_184' title='bbox 508 3407 892 3492; x_wconf 84' lang='lat' dir='ltr'>Imperatoris</span> <span class='ocrx_word' id='word_1_185' title='bbox 944 3406 1199 3492; x_wconf 82' lang='lat' dir='ltr'>dignitas</span> <span class='ocrx_word' id='word_1_186' title='bbox 1257 3418 1329 3470; x_wconf 75' lang='lat' dir='ltr'>ac</span> <span class='ocrx_word' id='word_1_187' title='bbox 1376 3405 1695 3486; x_wconf 81' lang='lat' dir='ltr'>primatum</span> <span class='ocrx_word' id='word_1_188' title='bbox 1747 3404 1974 3472; x_wconf 78' lang='lat' dir='ltr'>invidia</span> <span class='ocrx_word' id='word_1_189' title='bbox 2021 3426 2096 3472; x_wconf 91' lang='lat' dir='ltr'>eo</span> <span class='ocrx_word' id='word_1_190' title='bbox 2123 3425 2244 3473; x_wconf 87' lang='lat' dir='ltr'>rem</span> <span class='ocrx_word' id='word_1_191' title='bbox 2273 3424 2411 3491; x_wconf 77' lang='lat' dir='ltr'>per·</span> 
     </span>
     <span class='ocr_line' id='line_1_25' title="bbox 511 3529 2406 3622; baseline 0 -18"><span class='ocrx_word' id='word_1_192' title='bbox 511 3537 798 3618; x_wconf 81' lang='lat' dir='ltr'>duxerat,</span> <span class='ocrx_word' id='word_1_193' title='bbox 846 3549 919 3604; x_wconf 90' lang='lat' dir='ltr'>ut</span> <span class='ocrx_word' id='word_1_194' title='bbox 951 3533 1329 3618; x_wconf 86' lang='lat' dir='ltr'>proscriptus</span> <span class='ocrx_word' id='word_1_195' title='bbox 1362 3551 1498 3600; x_wconf 79' lang='lat' dir='ltr'>raro</span> <span class='ocrx_word' id='word_1_196' title='bbox 1525 3529 1708 3601; x_wconf 81' lang='lat' dir='ltr'>tutela</span> <span class='ocrx_word' id='word_1_197' title='bbox 1755 3553 1825 3601; x_wconf 83' lang='lat' dir='ltr'>ac</span> <span class='ocrx_word' id='word_1_198' title='bbox 1842 3533 2109 3618; x_wconf 89' lang='lat' dir='ltr'>hospitio</span> <span class='ocrx_word' id='word_1_199' title='bbox 2137 3545 2363 3604; x_wconf 77' lang='lat' dir='ltr'>careret</span> <span class='ocrx_word' id='word_1_200' title='bbox 2379 3583 2406 3622; x_wconf 88' lang='lat'><strong>,</strong></span> 
     </span>
     <span class='ocr_line' id='line_1_26' title="bbox 513 3645 2404 3751; baseline 0 -19"><span class='ocrx_word' id='word_1_201' title='bbox 513 3681 641 3747; x_wconf 81' lang='lat' dir='ltr'>quo</span> <span class='ocrx_word' id='word_1_202' title='bbox 692 3679 879 3731; x_wconf 83' lang='lat' dir='ltr'>totam</span> <span class='ocrx_word' id='word_1_203' title='bbox 930 3657 1272 3731; x_wconf 79' lang='lat' dir='ltr'>labefactari</span> <span class='ocrx_word' id='word_1_204' title='bbox 1325 3661 1678 3729; x_wconf 86' lang='lat' dir='ltr'>sententiam</span> <span class='ocrx_word' id='word_1_205' title='bbox 1733 3645 1981 3731; x_wconf 82' lang='lat' dir='ltr'>omnino</span> <span class='ocrx_word' id='word_1_206' title='bbox 2030 3661 2404 3751; x_wconf 84' lang='lat' dir='ltr'>intelligitur.</span> 
     </span>
     <span class='ocr_line' id='line_1_27' title="bbox 504 3789 2407 3878; baseline 0.001 -20"><span class='ocrx_word' id='word_1_207' title='bbox 504 3795 594 3859; x_wconf 76' lang='lat' dir='ltr'>At</span> <span class='ocrx_word' id='word_1_208' title='bbox 652 3793 957 3862; x_wconf 85' lang='lat' dir='ltr'>occultum</span> <span class='ocrx_word' id='word_1_209' title='bbox 1004 3789 1212 3877; x_wconf 83' lang='lat' dir='ltr'>judicii</span> <span class='ocrx_word' id='word_1_210' title='bbox 1241 3789 1451 3858; x_wconf 78' lang='lat' dir='ltr'>vemici</span> <span class='ocrx_word' id='word_1_211' title='bbox 1481 3790 1764 3873; x_wconf 85' lang='lat' dir='ltr'>laqueum</span> <span class='ocrx_word' id='word_1_212' title='bbox 1797 3791 1894 3860; x_wconf 82' lang='lat' dir='ltr'>vel</span> <span class='ocrx_word' id='word_1_213' title='bbox 1933 3793 2157 3862; x_wconf 87' lang='lat' dir='ltr'>ferrum</span> <span class='ocrx_word' id='word_1_214' title='bbox 2179 3838 2204 3877; x_wconf 86' lang='lat'>‚</span> <span class='ocrx_word' id='word_1_215' title='bbox 2239 3791 2407 3878; x_wconf 83' lang='lat' dir='ltr'>quod</span> 
     </span>
     <span class='ocr_line' id='line_1_28' title="bbox 508 3893 2406 4008; baseline -0.002 -21"><span class='ocrx_word' id='word_1_216' title='bbox 508 3917 935 4006; x_wconf 76' lang='lat' dir='ltr'>delinquentis</span> <span class='ocrx_word' id='word_1_217' title='bbox 976 3919 1167 3988; x_wconf 81' lang='lat' dir='ltr'>amico</span> <span class='ocrx_word' id='word_1_218' title='bbox 1229 3920 1329 3989; x_wconf 84' lang='lat' dir='ltr'>vel</span> <span class='ocrx_word' id='word_1_219' title='bbox 1392 3893 1758 3988; x_wconf 82' lang='lat' dir='ltr'>ministeriali</span> <span class='ocrx_word' id='word_1_220' title='bbox 1823 3901 2167 4008; x_wconf 80' lang='lat' dir='ltr'>saepissime</span> <span class='ocrx_word' id='word_1_221' title='bbox 2241 3923 2406 3985; x_wconf 59' lang='lat' dir='ltr'>com*-</span> 
     </span>
    </p>

    <p class='ocr_par' dir='ltr' id='par_1_4' title="bbox 1454 4042 2410 4135">
     <span class='ocr_line' id='line_1_29' title="bbox 1454 4042 2410 4135; baseline -0.005 -20"><span class='ocrx_word' id='word_1_222' title='bbox 1454 4047 1517 4135; x_wconf 90' lang='lat' dir='ltr'>Q</span> <span class='ocrx_word' id='word_1_223' title='bbox 1563 4071 1601 4115; x_wconf 74' lang='grc' dir='ltr'>ει</span> <span class='ocrx_word' id='word_1_224' title='bbox 2157 4061 2164 4064; x_wconf 86' lang='grc'><strong><em>·</em></strong></span> <span class='ocrx_word' id='word_1_225' title='bbox 2277 4042 2410 4110; x_wconf 84' lang='lat' dir='ltr'>mit·</span> 
     </span>
    </p>
   </div>
  </div>
 </body>
</html>
