3000 4917
692 401 816 451 220
1530 375 1773 440 ΕΞ

790 570 850 638 E
900 565 1209 637 contrario
1258 562 1462 630 omnia
1481 605 1509 643 ,
1569 575 1724 643 quae
1769 557 1846 623 ad
1881 565 2137 622 mortem
2191 553 2437 622 civilem
2479 573 2653 639 per.

709 700 935 778 tinent,
997 686 1332 761 arctissime
1399 705 1547 754 cum
1599 683 1748 769 Jure
1800 681 2183 767 Justinianeo
2239 681 2639 765 cohaerent,

667 825 790 897 ,ita
835 836 906 887 ut
957 819 1121 888 haud
1174 817 1393 907 injuria
1439 812 1834 896 defendatur,
1894 812 1960 881 in
2003 809 2209 878 Gallia
2255 811 2411 879 hanc
2459 812 2638 878 doc·

704 951 925 1017 trinam
975 967 1012 1017 e
1059 948 1211 1034 Jure
1265 946 1548 1014 Romano
1600 940 1995 1026 profluxisse.
2094 937 2262 1005 Hinc
2330 938 2627 1020 sequitur

706 1081 787 1147 ad
841 1094 1180 1149 Lunovrcr
1244 1095 1413 1147 nont
1448 1089 1704 1143 aetatem
1724 1118 1752 1158 ,
1788 1072 2009 1140 mortis
2058 1069 2259 1137 civilis
2306 1069 2624 1154 pertinere

712 1209 1040 1296 originem.

801 1337 889 1403 At
944 1339 1069 1421 J'am
1128 1335 1407 1419 quaestio
1454 1333 1693 1414 oritur,
1754 1348 1833 1397 an
1875 1331 1997 1415 ipsi
2043 1328 2368 1396 Gallorum
2407 1324 2616 1411 Juris-

715 1463 986 1531 consulti
1019 1462 1174 1533 illud
1218 1461 1550 1529 detexerint
1564 1505 1594 1543 ,
1633 1477 1712 1526 an
1751 1476 1895 1527 vero
1925 1457 2004 1527 ab
2036 1459 2169 1526 aliis
2203 1469 2565 1541 acceperunt
2580 1476 2611 1538 3

720 1608 858 1659 nam
895 1603 965 1655 ut
996 1587 1257 1654 vidimus
1278 1634 1303 1669 ,
1352 1588 1488 1655 Itali
1530 1588 1651 1673 jam
1690 1587 1872 1654 citius
1921 1586 2045 1652 hoc
2095 1597 2363 1670 systema
2404 1584 2616 1668 adepti

718 1731 891 1785 sunt.
974 1715 1097 1783 Hic
1144 1733 1291 1781 vero
1326 1716 1567 1782 nullum
1587 1759 1614 1796 ,
1674 1728 1747 1780 ut
1797 1715 1951 1781 mihi
1989 1714 2229 1781 videtur
2249 1759 2273 1795 ,
2315 1713 2565 1779 dubium
2586 1759 2613 1795 ,

726 1845 784 1911 si
838 1843 999 1911 enim
1053 1843 1367 1912 Bononiae
1432 1841 1815 1928 professores
1869 1857 2128 1912 mortem
2192 1841 2430 1907 civilem
2482 1840 2619 1907 Ro—

632 2038 642 2048 ,
721 1989 1040 2037 manorum
1110 1968 1385 2053 Legibus
1448 1971 1904 2039 accommodare
1956 1990 1994 2039 a
2042 1968 2293 2035 Francis
2355 1967 2621 2033 dedicis-

724 2114 861 2163 sent
882 2144 908 2179 ,
971 2099 1091 2165 hos
1142 2114 1422 2168 auctores
1493 2120 1566 2167 ac
1638 2111 1825 2167 testes
1892 2099 2185 2167 advocare
2232 2114 2362 2163 non
2422 2095 2630 2180 negli-

627 2308 630 2313 .
726 2240 977 2311 gerent,
1038 2223 1159 2291 fert
1217 2226 1380 2292 enim
1403 2274 1430 2310 ,
1489 2240 1562 2293 ut
1615 2227 1861 2310 saepius
1913 2223 2298 2291 observatum
2353 2237 2487 2303 est,
2546 2219 2620 2288 il-

726 2354 845 2420 lius
913 2354 1045 2419 aevi
1105 2355 1490 2421 consuetudo
1513 2398 1539 2435 ,
1612 2368 1683 2420 ut
1747 2349 1913 2418 nihil·
1962 2368 2173 2417 verum
2225 2364 2334 2415 aut
2378 2367 2612 2420 certum

727 2495 952 2563 putent
975 2526 998 2560 ,
1059 2482 1286 2547 nullam
1323 2486 1520 2550 valere
1567 2481 2141 2548 demonstrationem
2161 2526 2186 2561 ,
2246 2480 2368 2547 nisi
2415 2480 2616 2549 varios

726 2606 1029 2672 ratiocinii
1106 2609 1398 2674 terminos
1463 2609 1997 2691 praedecessorum
2057 2609 2416 2674 auctoritate
2472 2626 2621 2675 con-

727 2731 962 2801 firmare
1013 2736 1302 2816 possint,
1375 2738 1457 2802 ita
1494 2754 1565 2801 ut
1614 2736 1855 2820 saepius
1924 2756 2087 2805 nova
2148 2738 2510 2819 conclusio,
2551 2738 2619 2804 in

725 2873 951 2928 mutata
1000 2832 1390 2928 solummodo
1443 2876 1938 2946 argumentorum
1990 2862 2443 2947 dispositione,
2477 2860 2620 2930 fun-

726 2995 1078 3061 damentum
1138 2990 1375 3059 habeat.
1465 2989 1657 3079 Quod
1704 2992 1759 3061 si
1820 2991 1943 3076 J‘atn
2009 3009 2121 3074 ea,
2180 3011 2333 3075 quae
2377 2991 2455 3058 ab
2508 2993 2619 3058 ini-

727 3123 820 3187 tio
881 3120 947 3187 in
1015 3117 1216 3185 Gallia
1275 3120 1350 3186 de
1404 3133 1601 3187 morte
1658 3118 1822 3184 civili
1875 3119 2105 3201 scripta
2152 3118 2325 3185 fuere
2370 3120 2623 3209 investi-

737 3266 996 3333 gemus,
1070 3263 1374 3327 nusquam
1446 3246 1512 3310 in
1577 3244 1691 3311 hac
1741 3262 1808 3309 re
1855 3244 2140 3311 Italorum
2194 3245 2463 3329 magistri
2514 3268 2622 3331 ap-

730 3390 987 3460 parent,
1030 3371 1137 3437 sed
1189 3389 1223 3434 e
1272 3371 1576 3438 contrario
1624 3369 1786 3452 ipsi,
1821 3370 1954 3435 sive
1994 3370 2099 3449 J‘us
2149 3370 2443 3454 scriptum
2475 3391 2620 3455 pro-

734 3503 953 3569 vinciis
999 3502 1131 3570 suis
1174 3502 1701 3567 accommodarent
1722 3547 1746 3583 ,
1799 3500 1932 3565 sive
1971 3501 2486 3567 consuetudinum
2523 3501 2623 3568 de—

732 3625 938 3693 fectus
1007 3648 1043 3694 e
1111 3631 1387 3711 Corpore
1441 3626 1609 3710 Juris
1666 3628 1970 3710 complere
2033 3627 2349 3692 studerent
2371 3672 2395 3708 ,
2485 3646 2616 3697 raro

735 3757 1126 3835 quaestiones
1183 3757 1316 3823 sine
1366 3756 1655 3823 Accursii
1709 3770 1772 3821 et
1814 3755 2248 3827 Glossatorum
2270 3799 2296 3836 ,
2332 3773 2403 3821 ac
2455 3754 2618 3821 dein-

732 3899 877 3965 ceps
918 3900 1050 3949 sme
1100 3884 1374 3957 Bartholi
1417 3889 1517 3961 vel
1552 3884 1723 3956 Baldi
1775 3884 2065 3970 opinione
2117 3883 2438 3955 dirimunt.
2520 3881 2619 3945 An

2422 4013 2623 4093 hanc,
