3000 4917
644 359 774 450 156
1462 373 1708 431 ...ε-..-

646 577 821 630 suam
890 575 967 626 ex
1022 553 1281 624 allorum
1348 553 1644 639 opinione
1699 572 1774 624 ac
1823 571 2136 626 conamen
2181 555 2401 626 fulcire
2441 575 2564 626 co-

650 701 871 758 nentur
902 683 1261 752 sententiam
1280 701 1303 747 =
1339 701 1415 750 ac
1468 683 1658 752 aienti
1689 683 2014 768 hucusque
2055 703 2132 752 ex
2161 705 2329 754 sacra
2361 689 2556 774 scrip·

650 827 787 882 tura
803 855 831 894 ,
862 825 973 880 aut
1020 807 1393 880 Pontificum
1422 810 1682 882 decretis
1709 811 2136 896 imperfectum
2164 859 2194 896 ,
2227 833 2296 880 ac
2331 814 2558 882 Barba·

650 937 737 1010 ria
782 951 1023 1006 tantum
1080 937 1345 1023 negotiis
1412 939 1812 1021 adaequatum
1877 941 1985 1026 jus
2053 941 2365 1024 complere
2415 956 2556 1008 stu·

650 1069 941 1150 dumnt,
1000 1065 1085 1134 ita
1112 1065 1237 1152 iam
1270 1065 1698 1138 Romanorum
1723 1063 2032 1150 JCtorum
2065 1069 2310 1154 scriptis
2330 1114 2354 1151 ,
2389 1089 2548 1154 quae

654 1209 925 1264 veterum
964 1193 1399 1282 Imperatorum
1450 1194 1689 1262 decreta
1725 1193 2064 1264 referebant
2081 1243 2111 1280 ,
2155 1215 2398 1265 novum
2451 1217 2554 1268 aa·

648 1325 917 1412 pientiae
976 1338 1043 1391 et
1116 1336 1612 1408 argumentorum
1669 1321 1908 1394 fontem
1955 1327 2076 1394 sibi
2129 1341 2404 1411 apertum
2455 1345 2553 1394 ar·

652 1451 1051 1518 bitrabantur.
1152 1447 1307 1518 Non
1370 1449 1564 1534 igitur
1629 1451 1950 1536 utrimque
2013 1451 2164 1537 legis
2215 1453 2548 1535 analogiam

650 1581 1016 1665 investigare
1032 1624 1061 1663 ,
1094 1597 1167 1646 ac
1210 1577 1269 1646 si
1304 1576 1453 1646 haec
1502 1581 1861 1648 conveniret
1877 1625 1904 1664 ,
1939 1599 1976 1648 a
2017 1578 2374 1664 perfectiore
2401 1577 2552 1662 Jure

654 1709 988 1791 Romano,
1034 1723 1289 1774 suorum
1340 1705 1626 1774 codicum
1673 1705 1949 1776 defectus
1994 1707 2332 1792 corrigere,
2373 1719 2436 1772 at
2483 1707 2550 1772 in

660 1837 865 1906 verbis
898 1835 1134 1903 haerere
1152 1877 1179 1918 ,
1210 1852 1279 1902 ac
1328 1833 1386 1902 si
1430 1833 1578 1902 haec
1631 1835 2088 1919 quodammodo
2121 1849 2359 1907 tantum
2397 1853 2550 1904 con·

660 1979 947 2034 sonarent
963 2010 993 2047 ,
1026 1979 1173 2032 mox
1202 1979 1415 2030 omnen
1430 2007 1455 2046 ,
1484 1945 1642 2046 quae
1673 1963 1794 2030 huc
1825 1963 2208 2048 pertinebant
2239 1965 2546 2046 quaestio-

662 2113 775 2164 nes
791 2140 815 2176 ,
839 2113 877 2162 e
890 2111 1149 2176 corpore
1172 2090 1327 2176 juris
1342 2105 1606 2174 repetere
1621 2093 2023 2161 conabanturr
2045 2109 2174 2176 quo
2193 2090 2420 2158 factum
2437 2137 2462 2174 ,
2479 2105 2552 2162 ut

664 2241 865 2288 veram
899 2220 1081 2307 huJua
1098 2217 1359 2286 indolem
1372 2219 1562 2303 vulgo
1577 2218 1944 2302 negligerent
1963 2259 1992 2300 ,
2022 2233 2208 2303 atque
2250 2236 2553 2288 commen·

662 2351 803 2418 tarii
830 2350 975 2418 loco
1009 2352 1087 2417 ad
1121 2361 1439 2432 corruptae
1488 2346 1782 2430 temporis
1815 2351 1994 2432 lapsu
2035 2367 2288 2416 canon
2325 2367 2553 2417 mnam

666 2477 831 2560 leges
853 2521 880 2558 ,
912 2480 1015 2544 vel
1048 2477 1468 2561 capitularia,
1500 2475 1632 2542 imo
1651 2473 1974 2558 singularis
1999 2473 2255 2564 alicujus
2285 2478 2552 2546 civitatis

664 2601 1018 2686 privilegia,
1074 2601 1455 2670 adhiberent.
1537 2601 1702 2668 Dum
1755 2602 1944 2686 igitur
1993 2603 2202 2668 sedulo
2239 2601 2549 2686 JCtorum

664 2727 997 2814 fragmenta
1031 2741 1219 2810 atque
1250 2729 1580 2798 Caesarum
1599 2729 1892 2814 rescripta
1923 2731 2372 2816 pervolverem,
2413 2747 2546 2795 non

662 2859 741 2928 iis
792 2877 863 2924 ea
920 2859 1141 2924 latuere
1208 2856 1345 2923 loca
1370 2900 1398 2940 ,
1466 2859 1696 2942 quibua
1726 2859 1928 2942 agitur
1979 2860 2053 2924 de
2105 2876 2301 2944 poena
2320 2902 2347 2941 ,
2393 2875 2552 2940 quae

664 2987 851 3054 morti
922 2981 1339 3066 aequiparetur
1422 2987 1704 3070 quamvis
1776 3001 1928 3072 post
1983 2987 2552 3054 condemnationem

664 3135 807 3184 reus
868 3107 1287 3196 supervixerit.
1394 3112 1562 3180 Cum
1623 3131 1770 3180 vero
1833 3113 2180 3182 accuratius
2231 3113 2554 3196 investiga·

664 3256 800 3309 rent
815 3287 842 3324 ,
864 3241 1109 3324 quinam
1132 3239 1470 3308 dicerentur
1494 3241 1718 3310 ibidem
1735 3203 2006 3322 mortui,
2035 3253 2204 3308 erant
2221 3241 2380 3308 servi
2413 3259 2558 3324 poe·

660 3388 779 3437 nae
827 3388 897 3436 ac
952 3371 1295 3455 deportati,
1340 3387 1453 3438 seu
1498 3389 1656 3453 aqua
1707 3384 1768 3437 et
1801 3369 1926 3454 igni
1973 3371 2313 3452 interdicti,
2347 3369 2455 3452 qui
2501 3369 2556 3436 si

664 3501 743 3566 ad
774 3500 1041 3582 speciem
1094 3515 1395 3566 externam
1416 3543 1443 3582 ,
1498 3501 1577 3568 ad
1633 3501 1817 3568 verba
1861 3514 2100 3566 tantum
2169 3499 2554 3578 attendatur,

663 3623 751 3689 ita
776 3641 922 3692 sunt
958 3627 1225 3696 bannitis
1254 3629 1485 3696 similes
1511 3671 1538 3710 ,
1577 3641 1648 3706 ut
1669 3627 1942 3694 lubenter
1975 3622 2272 3692 confitear
2303 3619 2562 3688 summis

667 3745 1123 3820 difficultatibus
1156 3755 1493 3822 obnoxium
1525 3771 1706 3837 esse,
1749 3751 1979 3820 Latino
2009 3767 2289 3816 sermone
2309 3751 2464 3814 clare
2493 3765 2564 3813 ac

666 3875 985 3962 perspicue
1026 3878 1488 3961 discrepantiam
1531 3893 1728 3950 tractu
1775 3878 2071 3948 orationis
2129 3880 2560 3947 demonstrare.

2389 3997 2572 4064 Uter.
