3000 4917
640 366 724 432 20
1473 350 1730 413 a

648 537 842 619 ¹39bili
888 536 985 605 vel
1027 531 1348 607 illustriore
1391 528 1638 601 homine
1689 524 1976 597 delictum
2039 523 2512 599 committeretur
2527 570 2557 609 ,

649 686 728 743 ne
759 663 963 737 Palatii
1006 663 1233 733 Comes
1273 658 1513 744 quidem
1551 655 1738 744 iudex
1761 668 1885 725 erat
1900 652 2423 738 competens,sed
2437 651 2558 741 ipsi

647 790 995 876 imperatori
1023 788 1316 877 iudicium
1354 784 1573 855 deferri
1615 782 1958 869 oportebat.
2018 780 2253 849 Verum
2295 778 2435 847 licet
2462 798 2562 847 es-

647 930 784 1003 sent
800 961 826 1000 ,
877 915 984 999 qui
1029 914 1231 983 statim
1269 912 1507 983 veniam
1561 911 1869 999 deprecati
1920 910 1999 978 ad
2040 909 2425 995 Imperatoris
2453 910 2559 979 tri·

647 1044 833 1123 bunal
845 1041 1115 1125 venirent
1129 1089 1155 1125 ‚
1187 1039 1472 1128 plurimi,
1488 1054 1688 1109 tamen
1708 1037 2003 1125 imprimis
2025 1038 2079 1107 si
2096 1040 2309 1125 culpae
2321 1041 2558 1129 conscii

654 1186 760 1255 aut
787 1170 1234 1258 superbia-clati
1257 1169 1452 1255 copiis
1472 1185 1534 1238 et
1551 1168 1734 1239 sociis
1774 1166 2142 1237 confiderent
2159 1214 2185 1250 ,
2214 1169 2426 1237 acriter
2464 1188 2563 1237 re·

656 1300 949 1381 sistebant,
979 1321 1049 1369 ac
1089 1298 1368 1368 citatione
1416 1316 1659 1384 accepta
1691 1316 1818 1369 non
1850 1298 1926 1365 ad
1949 1297 2242 1383 judicium
2262 1345 2283 1375 ‚
2320 1311 2390 1366 ut
2420 1317 2562 1369 cau·

652 1447 780 1507 sam
822 1429 1129 1512 dicerent,
1187 1429 1298 1496 sed
1352 1448 1494 1496 cum
1547 1442 1911 1497 armatorum
1961 1429 2143 1495 turba
2196 1427 2274 1493 ad
2317 1443 2562 1503 accusa*

657 1555 811 1635 toris
860 1556 958 1623 vel
1012 1554 1205 1640 ipsius
1251 1555 1547 1639 Principis
1584 1571 1769 1626 terras
1814 1555 2134 1627 tendebant
2154 1603 2178 1638 ,
2237 1571 2310 1623 ut
2356 1554 2557 1621 incen-

661 1683 761 1763 dia
815 1700 876 1755 et
922 1683 1126 1769 rapina
1196 1681 1487 1751 vindictae
1554 1698 1617 1751 et
1669 1682 1977 1770 cupiditati
2050 1701 2198 1750 suae
2258 1681 2566 1752 satisface-

662 1824 819 1881 rent.
921 1812 1176 1881 Pulchre
1260 1809 1448 1895 igitur
1538 1831 1850 1883 canotus
1931 1829 2220 1879 naeuus
2294 1809 2563 1891 dixerat,

664 1939 774 2022 qui
825 1939 902 2005 ad
962 1937 1460 2021 compositionem
1524 1939 1880 2007 descendere
1932 1939 2121 2005 nollet
2142 1983 2166 2018 ,
2245 1936 2322 2003 ad
2340 1982 2364 2017 ,
2423 1953 2563 2003 eum

663 2063 805 2136 duci
895 2061 1110 2131 debere
1127 2108 1152 2142 ‚
1232 2081 1350 2129 suo
1422 2078 1695 2147 tempore
1789 2060 1946 2128 enim
2040 2080 2224 2128 nemo
2318 2059 2568 2145 impune

665 2187 865 2267 missis
915 2183 1326 2270 imperialibus
1389 2182 1709 2252 resistebat
1729 2231 1755 2267 ,
1805 2198 1868 2252 at
1942 2184 2092 2267 quid
2148 2186 2345 2253 valere
2391 2200 2568 2270 pote·

665 2332 831 2397 rant,
882 2317 1017 2387 illae
1093 2319 1254 2403 leges
1312 2335 1380 2383 ea
1452 2326 1654 2384 rerum
1725 2314 2114 2398 conditione,
2197 2335 2319 2399 qua
2379 2335 2569 2385 o'r‘ro

666 2465 854 2523 mo>
869 2465 950 2519 us
1011 2445 1181 2514 etiam
1229 2462 1356 2511 non
1399 2445 1753 2531 potentibus
1796 2445 2031 2512 veniam
2093 2442 2421 2510 concedere
2466 2461 2548 2508 co

670 2569 966 2654 gebatur,
1019 2588 1098 2635 ne
1167 2571 1376 2641 subito
1438 2575 1630 2663 major
1685 2574 1855 2660 regni
1897 2593 2042 2659 pars
2084 2572 2372 2659 adversus
2426 2587 2567 2637 eum

667 2712 1083 2780 consurgeret.

758 2822 947 2895 Nunc
1004 2823 1188 2909 igitur
1240 2824 1626 2903 succurrebat
1676 2824 1992 2909 antiquum
2049 2826 2199 2894 illud
2248 2823 2573 2892 remedium

671 2969 801 3036 quo
845 2949 1143 3019 licentiam
1190 2948 1623 3018 discordiarum
1697 2967 1761 3019 et
1810 2951 2108 3021 bellorum
2161 2953 2424 3021 civilium
2478 2972 2575 3019 re-

672 3081 932 3166 Primere
1002 3083 1201 3152 conati
1281 3081 1519 3157 fuerant
1537 3130 1565 3168 ‚
1647 3100 1880 3154 veteres
1945 3083 2259 3152 Germani.
2359 3083 2582 3149 Parum
2687 3068 2698 3075 ’

669 3208 835 3276 enim
855 3254 881 3291 ‚
935 3209 990 3277 si
1026 3228 1153 3280 rem
1199 3209 1354 3279 bene
1405 3210 1782 3279 attendamus
1802 3254 1828 3295 ‚
1860 3209 2133 3278 conditio
2165 3208 2407 3294 publica
2445 3227 2579 3274 mu·

679 3346 803 3402 tata
833 3334 1054 3407 fuerat.
1137 3338 1399 3413 Dissidia
1417 3382 1443 3421 ,
1475 3339 1629 3409 ultio
1643 3386 1668 3424 ‚
1700 3338 1912 3409 caedes
1943 3359 1981 3423 a
2022 3335 2270 3423 privatis
2295 3334 2371 3403 ad
2395 3333 2581 3402 duces

672 3464 932 3547 comites
949 3510 975 3547 ,
1010 3463 1269 3535 barones
1289 3510 1314 3547 ,
1355 3461 1547 3533 verbo
1573 3462 1947 3549 potentiores
1981 3463 2380 3548 migraverat,
2428 3477 2585 3542 quo-

664 3607 817 3663 ,r-um
867 3591 1076 3667 vasalli
1127 3612 1199 3661 ac
1250 3592 1551 3661 latronum
1606 3589 1900 3671 stipendia
1967 3591 2326 3658 merentium
2408 3582 2587 3654 turba

678 3713 801 3802 iam
866 3715 1248 3789 familiarium
1321 3732 1383 3785 et
1446 3716 1937 3801 propinquorum
1960 3763 1985 3799 ,
2044 3718 2249 3786 locum
2318 3713 2580 3782 tenebat.

690 3840 779 3921 lta
813 3853 882 3915 ut
926 3840 984 3913 si
1031 3841 1231 3927 Reges
1286 3840 1729 3911 Germanorum
1766 3839 1970 3912 Taciti
2017 3856 2290 3928 tempore
2333 3838 2591 3909 circum-

2331 3972 2334 3977 ‘
2401 3967 2595 4051 scrip·
