3000 4917
1281 399 1526 458 ··......-·=
2237 405 2368 476 1⁵3

456 580 719 650 vinciale
770 597 883 650 seu
926 576 1231 648 comitiale
1270 577 1538 648 bannum
1571 593 1850 646 occurrat
1870 621 1899 662 ,
1949 581 2042 646 uti
2091 582 2156 647 in
2187 594 2354 650 vete·

450 709 621 776 ribus
674 725 927 776 cauom
973 725 1199 775 macru
1248 707 1315 774 in
1362 705 1799 790 Longobardia
1833 707 2200 788 capitulariis
2257 729 2352 774 re-

451 837 683 921 peritur
702 879 731 919 ,
782 837 957 922 quod
986 835 1171 902 citius
1202 835 1379 902 etiam
1417 852 1598 918 quam
1628 835 1693 902 in
1727 834 2112 904 Germanicis
2150 837 2346 920 regio·

448 965 633 1032 nibus
672 965 865 1048 perire
901 963 1110 1032 debuit
1129 1009 1156 1046 ,
1185 964 1293 1030 sed
1330 965 1409 1033 de
1442 964 1542 1032 illa
1568 963 2020 1048 proscriptione
2043 963 2128 1032 ibi
2157 965 2341 1034 etiam

448 1109 702 1176 agatur,
744 1092 849 1159 cui
880 1093 1005 1162 hac
1070 1105 1263 1160 aetate
1313 1093 1439 1178 jam
1491 1092 1708 1186 mortis
1775 1089 1978 1158 civilis
2043 1108 2156 1156 seu
2191 1109 2344 1168 ,sae-

455 1222 683 1288 culatis
740 1239 966 1289 nomen
1016 1234 1181 1288 recte
1230 1222 1512 1304 potuisse
1555 1217 1784 1298 tribui,
1819 1233 2006 1301 supra
2039 1235 2206 1296 ame
2239 1235 2342 1285 ex-

446 1339 753 1430 positum0'
831 1350 1041 1433 Atque
1075 1348 1221 1418 hinc
1266 1367 1345 1414 eo
1381 1362 1664 1430 tempore
1715 1363 1844 1412 rem
1877 1363 2006 1412 non
2057 1359 2292 1412 tantum
2311 1391 2342 1430 ,

439 1477 551 1544 sed
591 1479 773 1544 etiam
826 1493 1051 1546 nomen
1071 1522 1098 1557 ,
1147 1477 1217 1544 in
1254 1476 1485 1542 Italiam
1541 1474 1738 1548 fuisse
1786 1488 2100 1558 acceptum
2131 1519 2161 1556 ,
2209 1487 2336 1540 sta-

442 1603 738 1668 tuendum
776 1617 959 1684 puto.
1043 1603 1171 1670 Eae
1214 1602 1373 1670 enim
1397 1648 1424 1685 ,
1460 1622 1618 1687 quae
1649 1605 1824 1670 vocis
1856 1623 2036 1672 usum
2075 1605 2142 1671 in
2177 1603 2338 1672 Ger-

444 1731 643 1796 mania
701 1729 1073 1812 impedivere
1122 1748 1373 1809 causae,
1425 1732 1482 1797 si
1525 1732 1683 1796 ratio
1723 1732 2000 1815 publicae
2035 1730 2334 1800 conditio-

442 1857 545 1924 nis
594 1855 932 1937 habeatur,
1002 1858 1071 1924 in
1120 1855 1538 1940 Transalpinis
1588 1857 1940 1941 regionibus
1986 1876 2113 1926 non
2162 1875 2330 1942 repe-

440 1985 701 2052 riuntur.
807 1985 1099 2054 Omnium
1160 1983 1324 2052 enim
1382 1985 1552 2052 oculi
1601 1985 1668 2052 in
1709 1982 2010 2072 factiones
2053 1987 2186 2053 illas
2237 2000 2332 2054 at·

440 2132 563 2197 que
592 2114 1027 2180 discordiarum
1062 2110 1185 2182 fata
1198 2113 1708 2186 convertebantur
1725 2159 1750 2195 ,
1782 2129 1846 2179 et
1865 2110 2216 2197 frequentes
2247 2116 2328 2180 de

437 2239 739 2312 forbanno
775 2225 1197 2324 quaestiones,
1236 2261 1392 2325 quae
1422 2259 1548 2308 non
1569 2242 1770 2325 gladio
1791 2242 2138 2308 oriebantur
2159 2289 2184 2325 ,
2201 2243 2315 2308 sed

432 2389 637 2436 coram
690 2370 983 2438 tribunali
1038 2369 1401 2438 dirimendae
1453 2383 1652 2438 erant.
1731 2368 1973 2454 Lingua
2005 2388 2136 2436 non
2187 2386 2324 2437 ver-

428 2498 603 2564 sione
652 2499 1001 2582 indigebat,
1060 2513 1135 2564 ut
1185 2517 1396 2566 vocem
1452 2499 1624 2566 illam
1678 2499 2018 2581 acciperet,
2085 2496 2318 2582 quippe

424 2625 683 2694 Latinae
720 2629 1021 2711 proxima.

502 2753 815 2822 Praeterea
880 2755 1225 2824 certaminis
1300 2757 1459 2823 inter
1502 2753 1925 2839 Imperatorem
1973 2773 2046 2820 ac
2091 2752 2322 2837 Papam

424 2880 489 2946 in
508 2879 677 2959 Italia
705 2882 999 2948 theatrum
1018 2927 1043 2961 ‚
1076 2899 1261 2964 atque
1290 2884 1487 2966 ipsius
1516 2849 1752 2952 dissidii
1768 2885 1938 2950 cives
1955 2884 2318 2964 plerumque

422 3007 749 3090 participes
774 3050 801 3087 ,
848 3027 1031 3090 parva
1082 3010 1271 3092 hujus
1314 3029 1389 3074 ex
1430 3010 1734 3076 v1cinitate
1781 3006 2112 3076 auctoritas
2145 3005 2316 3088 apud

420 3135 563 3200 illos
583 3177 609 3208 ‚
662 3133 771 3215 qui
816 3135 1032 3200 melius
1077 3135 1309 3218 privata
1357 3133 1730 3200 Pontificum
1783 3134 1926 3200 odia
1947 3177 1972 3213 ‚
2027 3132 2315 3214 regnandi

422 3260 815 3343 cupiditatem
836 3305 865 3342 ,
896 3273 1081 3342 atque
1130 3260 1518 3327 libidinosam
1551 3259 1793 3326 vivendi
1839 3260 2130 3326 rationem
2179 3261 2312 3328 ani-

419 3389 900 3470 madverterant,
948 3406 1128 3471 quam
1166 3387 1499 3468 Germani,
1545 3389 1654 3472 qui
1687 3387 1850 3455 Petri
1895 3406 2312 3466 successorem

414 3513 593 3584 facile
611 3513 949 3582 exterribili
980 3516 1634 3586 excommunicationis
1671 3515 1936 3600 effectu,
1965 3537 2038 3584 ac
2070 3533 2310 3600 coacta,

414 3657 557 3726 post
590 3639 881 3710 nenium
911 3643 1023 3710 IV.
1045 3645 1475 3728 poenitentiam
1498 3690 1524 3726 ,
1540 3647 1881 3730 principum
1909 3663 2164 3714 suorum
2205 3665 2311 3714 ve·

411 3771 721 3838 neratione
747 3771 1187 3855 agnoscebant.
1232 3774 1336 3840 Ab
1378 3775 1562 3841 altera
1593 3794 1742 3842 vero
1773 3789 1975 3858 parte,
2009 3774 2144 3844 Itali
2177 3777 2308 3860 ple·

406 3919 663 3986 rumque
732 3901 951 3986 Regali
1012 3921 1245 3987 pompa
1320 3904 1606 3974 videbant
1684 3897 1988 3990 prIncip'es
2043 3905 2310 3988 Impera·

1371 4031 1432 4098 V
2213 4045 2342 4093 tow
