3000 4917
688 300 785 380 ’θ’
1507 290 1750 399 =

692 482 885 573 igitur
918 496 1049 553 esse
1078 478 1253 548 desiit
1290 474 1450 547 Titia
1470 520 1498 560 ,
1529 494 1668 545 nam
1693 472 2061 545 connubium
2082 521 2108 557 ‚
2157 477 2402 559 nuptiae
2433 476 2592 565 (¹4)

696 610 903 698 (quae
946 607 1099 695 iuris
1142 604 1337 675 civilis
1387 616 1534 675 sunt
1579 602 1926 687 voeabula>
1967 602 2377 673 dissolvuntur
2394 652 2420 688 ,
2459 622 2591 673 non

700 752 905 805 tamen
964 706 1334 802 matrimonii*
1388 732 1697 800 vinculum
1716 776 1743 813 ‚
1819 730 1988 811 quod
2037 749 2114 795 ex
2157 732 2294 815 jure
2341 732 2592 799 naturali

698 862 991 951 originem
1032 860 1236 929 trahit.
1318 858 1407 925 Ita
1454 860 1660 925 saltem
1689 855 1969 940 explicari
2011 870 2196 940 posse
2238 859 2357 923 hoc
2389 876 2592 925 mou

702 988 1100 1075 fingmentum
1162 985 1291 1059 aine
1362 1002 1574 1069 magna
1637 983 1975 1055 difficultate
2041 983 2316 1067 videtur,
2383 997 2595 1069 quarn·

708 1116 805 1185 vis
867 1112 1247 1197 caeteroquin
1319 1129 1449 1179 non
1519 1110 1709 1179 valeat
1771 1111 1848 1178 ad
1915 1111 2284 1179 evertendam
2352 1124 2447 1178 tot
2513 1112 2595 1179 le-

703 1240 887 1327 gibus
944 1239 1348 1311 confirmatam
1368 1285 1394 1321 ,
1440 1238 1518 1305 de
1561 1236 1938 1305 matrimonio
2007 1236 2416 1321 deportatione
2467 1256 2594 1307 uon

702 1370 910 1435 soluto
927 1412 953 1450 ,
986 1367 1275 1451 regulam.
1364 1363 1593 1432 Mulier
1621 1363 1806 1449 igitur
1854 1364 2129 1433 maritum
2163 1364 2226 1430 in
2271 1365 2593 1434 calamitate

708 1510 915 1561 secuta
931 1541 957 1577 ,
1016 1512 1174 1561 uxor
1196 1541 1222 1577 ,
1270 1509 1397 1559 non
1445 1491 1779 1560 concubina
1811 1491 2116 1560 dicebatur
2142 1539 2166 1575 ,
2201 1493 2308 1559 sed
2353 1492 2413 1557 in
2449 1510 2594 1557 -cae-

712 1620 855 1689 teris
932 1620 1092 1688 forte
1161 1621 1269 1687 hac
1328 1617 1650 1691 infelicior.
1726 1620 1906 1707 Quos
1953 1622 2112 1686 enim
2159 1633 2302 1707 post
2357 1614 2595 1689 exilium

710 1766 791 1815 cx
821 1745 954 1815 viro
998 1738 1339 1831 susceperat
1390 1746 1610 1813 liberos
1629 1792 1654 1829 ‚
1713 1764 1839 1829 quo
1864 1732 2129 1813 'nomine
2170 1760 2409 1815 voearet
2426 1791 2452 1830 ,
2490 1746 2594 1815 vix

712 1873 904 1939 dicere
964 1885 1235 1958 poterat3
1294 1890 1371 1938 an
1417 1871 1578 1939 cives
1598 1872 1632 1937 't'
1678 1873 1786 1955 qui
1826 1888 2050 1955 patrem
2099 1885 2435 1956 extorrem3
2491 1892 2596 1940 an-

714 1998 958 2081 spurios
972 1998 1007 2065 2
1104 1997 1211 2078 qui
1272 1997 1413 2062 licet
1473 1996 1764 2063 infelicem
1783 2044 1808 2078 ‚
1856 2013 2081 2065 certum
2131 2012 2327 2065 tamen
2366 1997 2602 2083 genito-
2691 2004 2696 2010 '

714 2142 839 2190 rem
884 2122 1202 2191 habebant.
1296 2122 1533 2192 Scimus
1597 2126 1836 2209 quidem
1888 2126 2122 2193 habitos
2177 2126 2365 2194 fuisse
2420 2126 2593 2209 quasi
2679 2126 2684 2134 “

715 2271 791 2318 ex
838 2252 1023 2319 altero
1076 2250 1451 2319 matrimonio
1496 2268 1815 2337 susceptos
1836 2300 1862 2335 ,
1899 2232 2096 2336 ne'qne
2136 2254 2458 2339 quidquam
2493 2274 2597 2321 va·

712 2377 903 2445 luisse
966 2376 1043 2443 ad
1094 2378 1495 2449 conditionem
1540 2380 1898 2464 implendam
1917 2428 1943 2464 ,
2013 2400 2139 2467 quo
2186 2400 2330 2449 casu
2377 2380 2591 2459 liberos

717 2502 1053 2587 susceperis
1086 2506 1266 2587 (15).
1346 2506 1645 2576 Videntur
1679 2523 1876 2577 tamen
1911 2521 2014 2577 aut
2063 2511 2349 2593 conjuges
2367 2526 2591 2592 parum

715 2628 917 2696 fideles
970 2629 1158 2697 fuisse
1229 2646 1334 2699 aut
1395 2632 1625 2702 Romae
1693 2634 1771 2703 ad
1837 2634 2256 2718 deprecandam
2307 2633 2590 2718 principis

716 2753 1171 2825 misericordiam
1190 2754 1558 2845 'plerumque
1588 2761 1880 2829 mansisse
1900 2808 1926 2844 ,
1967 2762 2245 2845 quoniam
2267 2808 2292 2842 ‚
2325 2761 2476 2827 inter
2495 2770 2588 2827 tcit

730 2884 806 2951 de
853 2884 1174 2970 deportatis
1216 2885 1592 2970 .inorumque
1639 2889 1978 2956 conditione
2005 2888 2595 2974 jurisconsultorum

723 3012 1047 3097 fiagmmta
1065 3061 1091 3097 ,
1146 3012 1271 3082 fere
1340 3015 1488 3081 nihil
1527 3016 1623 3082 ‘de
1685 3016 1884 3085 liberis
1952 3018 2015 3081 in
2069 3016 2262 3082 insula
2305 3015 2600 3099 susceptis

608 3178 611 3183 -
702 3141 1010 3209 vadatur.
1111 3112 1339 3210 Dubio·
1372 3161 1568 3211 tamen
1615 3157 1773 3211 caret
1795 3190 1820 3225 ‚
1903 3160 2009 3212 eos
2060 3160 2188 3209 non
2247 3143 2364 3211 sub
2413 3124 2598 3226 patria

728 3266 920 3333 fuisse
966 3281 1258 3351 potestate
1272 3316 1297 3351 ‚
1356 3288 1534 3352 quam
1575 3288 1771 3353 neque
1822 3269 2232 3337 Romanorum
2281 3289 2444 3337 more
2493 3288 2598 3334 ne-

726 3408 844 3471 que
915 3395 1063 3461 alius
1122 3394 1370 3462 civitatis
1440 3397 1569 3481 lege
1629 3417 1897 3465 exercere
1964 3411 2196 3481 poterat
2263 3396 2325 3461 in
2377 3394 2596 3462 liberos
2667 3480 2672 3487 5

2462 3536 2606 3607 post

832 3703 982 3767 (u)
1029 3716 1292 3760 umnec.
1341 3710 1472 3759 Ant.
1523 3711 1675 3764 Rom.
1730 3712 1874 3776 App.
1924 3712 2045 3765 Lib.
2097 3724 2142 3762 r·
2173 3716 2228 3771 s.
2272 3712 2382 3779 187.

831 3780 985 3849 (15)
1032 3786 1099 3839 L.
1132 3800 1219 3849 ¹7·
1266 3791 1313 3851 ς.
1345 3804 1399 3853 5.
1441 3788 1505 3852 Ῑ.
1537 3794 1608 3841 ad
1653 3794 1840 3843 Serum
1879 3794 2205 3850 Trebellian.
