3000 4917
684 331 807 402 194
1519 326 1764 387 Ε

696 509 929 578 trabere
978 505 1278 594 judicium
1314 551 1345 588 ,
1401 521 1556 590 quae
1597 520 1772 574 antea
1817 505 1970 573 inter
2013 507 2390 590 potentiores
2449 509 2602 580 diri·

690 637 1011 707 tuebantur
1054 634 1222 702 nulla
1264 635 1491 702 summi
1539 633 1886 719 impemntis
1929 633 2134 703 habita
2170 637 2428 704 ratione.

778 765 969 851 Quod
1028 762 1083 830 si
1124 781 1271 831 vero
1333 783 1367 828 a
1422 761 1672 845 publica
1715 761 2064 830 conditione
2119 765 2198 830 ad
2239 766 2402 848 leges
2442 783 2598 832 oeu-

689 893 792 960 los
857 907 1323 973 convertamus,
1410 891 1650 958 tristius
1729 891 1880 973 quid
1939 891 2332 960 animadverti
2407 911 2601 976 posse

690 1022 803 1088 vix
866 1019 1168 1102 arbitror;
1246 1035 1385 1089 nam
1442 1036 1584 1084 cum
1658 999 1810 1102 per'
1847 1021 2020 1103 plura
2085 1022 2360 1089 saecula.
2391 1039 2602 1088 revera

700 1167 889 1246 nemo
934 1147 1335 1232 imperasset,
1393 1147 1656 1230 quisque
1683 1146 1860 1214 armis
1902 1147 2008 1233 ius
2054 1149 2234 1215 suum
2253 1195 2280 1230 ‚
2341 1165 2452 1215 seu
2483 1167 2602 1232 po-

650 1277 827 1352 ‚tius
841 1322 868 1359 ,
939 1275 1113 1360 quod
1180 1273 1459 1360 cupiebat
1475 1319 1502 1357 ,
1583 1287 1812 1358 peteret
1825 1320 1851 1355 ,
1929 1273 2086 1342 nihil
2139 1275 2334 1359 magis
2397 1291 2587 1357 quam

572 1490 583 1500 ,
697 1403 969 1492 justitiae
1040 1403 1400 1487 exsequium
1462 1399 1663 1470 fuerat
1709 1405 2078 1488 neglectum.
2147 1401 2366 1470 Inanes
2433 1403 2598 1468 enim

692 1531 967 1600 actiones
985 1575 1012 1614 ‚
1093 1547 1169 1598 nc
1227 1547 1385 1596 vana
1450 1530 1748 1598 sententia
1764 1575 1792 1611 ‚
1869 1529 1984 1597 ubi
2047 1529 2130 1597 rei
2197 1533 2280 1597 ita
2361 1527 2597 1597 viribus

696 1659 937 1744 pollent
954 1701 981 1740 ,
1056 1671 1129 1724 ut
1195 1657 1447 1740 impune
1513 1659 1682 1742 leges
1729 1655 1961 1724 violent
2018 1674 2088 1722 ac
2133 1656 2398 1741 judicem
2449 1674 2599 1724 con·

702 1797 1002 1856 temnant.
1084 1783 1361 1868 Maiores
1412 1785 1664 1865 quidem
1707 1783 2025 1851 feudatarii
2077 1801 2258 1850 omne
2299 1783 2598 1868 judicium

697 1915 779 1982 ad
848 1929 921 1980 se
982 1923 1327 1992 traxerant,
1388 1927 1602 1978 verum
1677 1911 1874 1994 mafis
1919 1924 1990 1974 ut
2033 1910 2278 1976 mulctis
2325 1929 2396 1976 ac
2453 1927 2603 1978 con-

702 2037 1131 2107 fiscationibus
1168 2054 1325 2121 opes
1352 2049 1649 2121 augerent
1666 2078 1690 2118 ‚
1733 2021 1914 2120 qua‘m
1949 2034 2218 2104 subditis
2273 2037 2404 2105 suis
2449 2017 2604 2121 ‘profi

702 2167 1031 2251 spicer-ent.
1128 2163 1387 2250 Saepius
1436 2163 1618 2232 etiam
1669 2163 1909 2232 difficile
1953 2178 2078 2230 erat
2125 2166 2280 2248 ipsis
2335 2168 2602 2248 proceri·

706 2293 831 2361 bus
876 2293 1013 2362 talin
1064 2293 1359 2378 exsequi,
1394 2309 1538 2360 cum
1588 2293 1960 2360 valvassores
1989 2291 2262 2358 homines
2301 2311 2456 2360 suos
2505 2294 2605 2361 ad·

704 2439 921 2490 versus
996 2439 1109 2490 eos
1183 2419 1462 2488 lubenter
1550 2431 1956 2487 sustentarent
1973 2463 1997 2499 ,
2090 2439 2168 2486 ne
2233 2420 2601 2519 minueretur

708 2547 866 2614 illud
886 2591 913 2627 ,
998 2547 1171 2630 quod
1232 2547 1310 2613 ad
1380 2563 1451 2613 se
1496 2547 1798 2630 pertinere
1845 2547 2317 2615 contendebant.
2401 2547 2603 2632 Leges

702 2669 895 2755 igitur
912 2713 939 2751 ,
985 2689 1139 2755 quas
1188 2670 1403 2740 Franci
1436 2677 1539 2739 vel
1571 2691 1608 2739 e
1631 2672 1963 2742 Germania
2001 2677 2321 2740 retulerant
2343 2719 2367 2755 ,
2423 2677 2518 2741 vel
2567 2693 2602 2739 a

712 2815 983 2868 canuno
1046 2817 1286 2866 mono
1355 2795 1593 2866 fuerant
1643 2802 2019 2868 constitutae
2059 2803 2341 2884 paulatim
2393 2801 2456 2868 in
2495 2802 2602 2868 de-

710 2927 1093 2998 suetudinem
1178 2924 1453 2994 abierunt
1473 2971 1499 3008 ‚
1577 2945 1761 3011 atque
1818 2948 2028 2996 eorum
2099 2934 2240 3024 loco
2309 2929 2605 2996 successit

712 3059 1063 3128 institutum
1123 3055 1350 3124 saeculi
1424 3055 1819 3140 opinionibus
1868 3078 1937 3123 ac
1993 3075 2336 3141 temporum
2391 3057 2601 3124 condia

716 3187 877 3254 tioni
944 3187 1137 3269 magis
1206 3185 1760 3252 accommodatum.
1862 3183 2089 3250 Duello
2134 3187 2322 3267 igitur
2363 3185 2428 3251 in
2475 3203 2606 3250 om-

720 3310 917 3384 nibus
948 3315 1310 3396 utebantur,
1344 3314 1517 3396 quod
1573 3331 1756 3380 nemo
1801 3311 1936 3380 sine
1965 3313 2302 3394 ignominia
2333 3327 2604 3380 recusare

722 3455 959 3528 poterat
976 3489 999 3524 ,
1081 3458 1213 3524 quo
1278 3443 1478 3510 Deum
1540 3441 1806 3526 judicem
1857 3441 2064 3508 sedere
2137 3439 2599 3508 arbitrabantur.

724 3570 874 3636 Hoc
936 3569 1097 3638 enim
1165 3569 1447 3637 utilitatis
1494 3568 1753 3638 habebat
1768 3614 1792 3649 ‚
1851 3569 2022 3654 quod
2091 3568 2396 3655 litigantes
2452 3567 2602 3635 dum

728 3693 933 3778 gladio
979 3715 1219 3763 eausam
1268 3698 1536 3764 dicerent
1554 3743 1580 3778 ,
1655 3697 1838 3764 simul
1891 3698 1968 3764 de
2021 3697 2364 3764 adversario
2400 3713 2604 3763 sume·

731 3835 867 3888 rent
914 3821 1267 3891 vindictam.
1354 3824 1497 3894 Tali
1535 3838 1734 3894 nutem
1797 3823 2026 3909 judicio
2084 3842 2213 3892 non
2256 3837 2486 3924 tantum
2534 3822 2605 3888 in

2487 3965 2606 4014 cu·-
