3000 4917
701 580 871 648 hanc·
890 573 1426 644 accommodarent.
1505 570 1656 638 Non
1699 589 1857 655 opus
1890 569 2078 657 igitur
2103 583 2239 655 est,
2284 572 2416 640 hoc·
2442 571 2585 659 loco

699 707 778 774 ad
869 703 1206 772 universam
1285 699 1782 787 jurisprudentiae
1871 699 2053 785 huius
2119 699 2249 766 aevi
2327 700 2584 766 indolem

699 848 1003 900 recurrere
1016 877 1042 914 ,
1084 844 1156 897 ut
1198 830 1456 912 quisque
1488 827 1685 895 videat
1701 873 1726 908 ‚
1756 844 1883 892 non
1932 825 2231 911 cogitasse
2261 844 2592 894 canotum

700 976 1017 1028 mentuu-
1081 957 1157 1023 de
1230 955 1505 1023 Romana
1593 953 1999 1038 deportatione
2080 953 2188 1020 sed
2269 953 2346 1020 de
2413 953 2589 1019 exilio

701 1099 935 1153 tantum
957 1132 982 1167 ,
1027 1083 1197 1166 quod
1252 1098 1382 1150 tum
1425 1081 1529 1149 hic
1584 1083 2041 1166 adjectum·tum
2078 1080 2163 1145 illi
2197 1079 2439 1146 nomine
2460 1098 2588 1147 non

701 1211 1014 1296 indignum
1029 1259 1054 1294 ,
1101 1210 1242 1294 quia
1285 1226 1357 1278 ut
1403 1229 1589 1294 supra
1619 1209 1875 1277 vidimus
1925 1209 2160 1277 exsules
2206 1226 2335 1275 non
2365 1209 2590 1275 ditione

702 1340 1069 1407 Francorum
1118 1340 1394 1407 excedere
1412 1383 1438 1422 ‚
1503 1339 1613 1406 sed
1661 1340 1746 1405 ad·
1790 1339 1992 1404 locum
2038 1356 2075 1404 a
2124 1333 2393 1421 principe
2444 1354 2594 1401 con-

702 1465 986 1536 stitutum
1033 1464 1332 1533 discedere
1376 1480 1757 1549 cogerentur.

792 1592 957 1660 Huic
1009 1592 1234 1676 capiti,
1282 1591 1390 1676 qui
1439 1591 1536 1660 bis
1576 1595 1728 1679 (48)
1751 1594 1814 1659 in
1850 1593 2057 1660 eodem
2089 1589 2590 1676 capitulariorum

712 1720 871 1788 libro
935 1719 1226 1804 reperitur
1241 1768 1265 1804 ,
1317 1722 1462 1787 alter
1509 1718 1827 1799 subiicitur
1845 1767 1870 1802 ,
1917 1720 1980 1786 in
2034 1738 2159 1802 quo
2201 1716 2471 1786 similiter
2520 1718 2596 1783 de

711 1848 1120 1932 deportatione
1152 1847 1214 1914 in
1247 1848 1499 1916 insulam
1522 1865 1647 1914 non
1661 1862 1888 1914 tantum
1903 1847 2009 1913 scd
2020 1847 2092 1912 de
2118 1848 2475 1932 releganone
2488 1844 2594 1911 eti-

715 1994 811 2041 am
835 1995 1034 2043 sermo
1066 1990 1195 2055 est,
1231 1975 1401 2042 nullo
1447 1988 1646 2041 tamen
1687 1973 1873 2043 citato
1906 1972 2256 2058 capitulario
2277 1975 2435 2042 unde
2452 1975 2605 2040 haec-

714 2099 982 2166 hauserit
1030 2099 1234 2167 verba.
1336 2101 1542 2183 Caput
1585 2099 1735 2169 illud
1789 2118 1915 2168 non
1961 2115 2192 2169 tantum
2240 2100 2305 2167 in
2370 2101 2458 2168 L.
2532 2120 2592 2167 1.

718 2226 867 2295 Cod.
901 2223 1124 2293 Theoti.
1155 2225 1252 2293 ad
1274 2225 1434 2314 Lag.
1472 2224 1756 2312 Juliam.
1781 2227 1859 2295 dc
1888 2230 1957 2298 νί
1979 2242 2171 2296 exstat
2184 2276 2211 2311 ‚
2242 2228 2349 2295 sed
2377 2227 2547 2295 etiam
2570 2273 2597 2310 ‚

722 2355 841 2422 alio
909 2368 1107 2424 tamen
1168 2354 1517 2423 verborum·
1545 2355 1753 2423 ordine
1772 2399 1798 2438 ‚
1852 2355 1915 2422 in
1951 2355 2186 2424 Codice¹
2219 2372 2603 2442 josa-mmm

720 2480 1019 2562 reperitur
1082 2481 1259 2567 (49).
1341 2482 1700 2550 Benedictus
1747 2482 1935 2568 igitur
1986 2482 2200 2551 Levita
2241 2503 2373 2552 suo
2419 2496 2604 2550 marte

723 2605 1110 2673 admiscuisse
1177 2606 1414 2675 videtur
1428 2654 1454 2690 ,
1509 2622 1570 2674 et
1615 2627 1692 2674 an
1743 2628 2010 2692 unquam
2058 2612 2122 2676 in
2170 2609 2309 2678 foro
2345 2608 2607 2677 auctori-

726 2744 907 2813 tatem
939 2731 1210 2801 habuerit
1235 2733 1405 2801 valde
1453 2734 1730 2805 dubium.
1815 2735 1973 2804 lnud
2004 2751 2201 2805 tamen
2236 2755 2380 2806 vero
2413 2735 2608 2802 simile

723 2874 817 2928 est
834 2904 860 2943 ‚
920 2879 1053 2926 eum
1074 2907 1097 2940 ,
1157 2876 1420 2945 systema
1465 2861 1712 2944 aliquod
1756 2862 1909 2949 iuris
1960 2867 2189 2932 tradere
2265 2865 2609 2949 cupientem

690 2992 693 2997 ’
725 2989 804 3057 ad
851 2987 1102 3073 effigiem
1151 2988 1576 3057 Pandectarum
1621 3010 1731 3058 seu
1761 2991 2010 3059 Codicis
2057 2993 2201 3059 haec
2239 2991 2614 3076 praecedenti

722 3116 904 3201 capiti
949 3115 1277 3202 subjecisse
1298 3163 1324 3199 ,
1373 3117 1494 3185 hoc
1543 3136 1737 3202 scopo
1757 3165 1783 3202 ,
1826 3134 1899 3188 ut
1932 3090 2268 3187 ostenderet
2299 3117 2611 3204 pristinam

726 3243 1018 3331 sacrilegii
1060 3263 1171 3314 seu
1223 3245 1538 3314 violentiae
1590 3265 1846 3331 poenam
1890 3245 2079 3315 fuisse
2110 3247 2350 3315 exilium
2376 3295 2399 3333 ,
2449 3264 2613 3316 nunc

724 3390 874 3438 vero
948 3386 1143 3438 morte
1206 3373 1432 3455 puniri.
1528 3346 1841 3462 Quidquid
1907 3388 2104 3440 tamen
2166 3354 2351 3461 hujus
2398 3373 2484 3440 rei
2535 3372 2613 3440 sit

724 3499 1310 3571 animadvertendum
1367 3500 1434 3567 in
1466 3499 1723 3584 Auiani,
1776 3518 1850 3577 ut
1897 3500 2153 3602 dicitur,
2193 3501 2495 3571 Breviario
2528 3500 2621 3566 in-

2521 3646 2624 3697 ve-

836 3811 991 3877 (48)
1037 3811 1163 3867 Vid.
1211 3813 1333 3867 Lib.
1368 3812 1471 3867 vt.
1525 3814 1591 3867 C.
1638 3815 1753 3876 386.

839 3892 995 3959 (49)
1039 3891 1167 3948 Viti·
1210 3894 1331 3948 Lib.
1362 3894 1466 3957 vl.
1515 3896 1720 3949 Codicis
1766 3897 1840 3948 ad
1881 3896 2021 3962 ιφ.
2055 3897 2285 3959 Iuliam.
2327 3899 2393 3952 de
2435 3898 2510 3953 rt·
