3000 4917
608 305 649 367 0
1435 301 1684 363 =

620 485 807 575 igitur
836 484 1027 555 civilia
1072 483 1485 553 Romanorum
1535 500 1653 550 nos
1703 484 1886 550 hodie
1939 486 2140 554 ἀνὶεα
2185 482 2518 551 diceremus

635 612 907 697 quamvis
960 613 1163 711 minus
1213 615 1331 679 iate
1372 582 1637 695 pateant.
1717 610 1942 693 Neque
1987 626 2222 679 tantum
2268 609 2386 677 sub
2447 608 2520 675 li-

640 740 785 809 bera
824 738 1164 823 Republica
1209 740 1357 807 haec
1401 737 1703 805 distinctio
1749 738 1934 807 valuit
1947 785 1974 820 ,
2025 740 2138 806 sed
2173 736 2352 805 etiam
2402 737 2521 804 sub

642 865 1047 949 Caesarium,
1121 878 1268 948 post
1326 866 1606 935 translata
1649 884 1686 931 e
1739 884 1958 948 campo
2011 865 2088 931 ad
2137 864 2366 933 curiam
2420 882 2526 961 ερ-

640 990 805 1061 mitia
821 1040 848 1077 ,
902 1006 1050 1075 post
1074 990 1349 1078 *civitatis
1392 993 1496 1075 ius
1543 990 1619 1057 ab
1663 1010 2017 1063 mronmo
2069 1007 2524 1059 cananeum

640 1120 924 1189 omnibus
954 1118 1167 1189 incolis
1211 1118 1581 1202 impertitum
1597 1164 1622 1200 ,
1655 1106 1736 1188 'in
1757 1116 2336 1204 jurisconsultorum
2365 1116 2526 1201 frag-

638 1244 855 1317 mentis
868 1293 894 1329 ,
953 1260 1016 1313 et
1054 1246 1481 1330 imperatorum
1527 1246 1831 1329 rescriptis
1876 1244 2248 1329 conspicitur
2262 1291 2287 1329 ‚
2371 1263 2527 1328 quo·

638 1370 800 1439 niam
863 1372 939 1441 iis
1014 1392 1082 1438 ea
1142 1390 1380 1455 semper
1426 1370 1550 1439 fuit
1607 1373 1811 1456 regula
1837 1418 1862 1454 ,
1943 1391 2124 1455 quam
2189 1390 2390 1456 usque
2448 1370 2528 1439 ad

630 1494 1031 1582 Justinianum
1078 1498 1374 1565 retinuere
1390 1545 1417 1580 ,
1472 1513 1545 1565 ut
1593 1498 1960 1583 corrigerent
2003 1498 2318 1582 antiquum
2373 1500 2480 1584 ius
2494 1542 2523 1580 ,

641 1638 771 1691 non
828 1640 975 1693 vero
1019 1636 1341 1695 mutarent.
1424 1623 1568 1693 Sed.
1598 1624 1996 1693 Barbarorum
2055 1624 2321 1693 victoriis
2377 1623 2556 1705 haec.

624 1747 835 1835 pmnia
885 1764 1110 1819 mutata
1154 1748 1322 1818 fuere
1340 1797 1365 1833 ,
1403 1770 1471 1817 ac
1520 1753 1793 1833 quamvis
1845 1751 1910 1819 hi
1951 1753 2138 1821 multa
2187 1752 2251 1817 in
2298 1751 2527 1817 Roma-

635 1894 857 1943 norum
910 1875 1149 1961 legibus
1202 1878 1279 1943 ad
1338 1896 1478 1944 suas
1531 1877 1920 1945 transferrent
1935 1923 1960 1959 ,
2011 1878 2076 1942 in
2122 1876 2197 1942 iis
2241 1896 2392 1957 quae
2437 1874 2526 1943 ci-

635 1998 774 2069 vilia
834 2000 1186 2085 spectabant
1230 2005 1365 2087 iura
1380 2048 1405 2084 ,
1471 2018 1660 2071 totam
1723 2017 1918 2071 tamen
1985 2020 2112 2069 rem
2163 2015 2526 2071 everterunt.

636 2126 850 2209 Atque
896 2125 1015 2192 hoc
1050 2146 1126 2193 ex
1172 2127 1429 2210 simplici
1475 2148 1696 2213 causa3
1731 2129 1961 2214 quippe
1994 2130 2170 2213 piane
2221 2129 2295 2194 iis
2347 2128 2524 2213 igno-

633 2262 765 2319 tum
782 2298 811 2330 ‚
851 2252 1021 2331 quod
1052 2250 1255 2318 Latini
1295 2252 1479 2319 cii-tle
1511 2255 1809 2345 dixerant.
1885 2254 1986 2325 Ex
2040 2255 2114 2335 iis
2148 2255 2307 2337 enim
2320 2302 2345 2338 ,
2367 2275 2552 2340 quae,

630 2390 867 2461 Juuus
906 2392 1165 2441 cusan
1188 2421 1214 2455 ,
1247 2394 1318 2442 ac
1356 2394 1656 2446 neu-us
1709 2380 1785 2445 de
1817 2380 2520 2451 Barbarotum'mon'bus

636 2500 1049 2593 reliquerunt,
1086 2499 1232 2595 satis
1271 2516 1365 2568 est
1390 2502 1790 2588 conspicuum
1814 2552 1841 2587 ,
1882 2506 2074 2588 qualis
2107 2506 2289 2574 fuerit
2319 2528 2522 2593 popu-

630 2624 833 2711 lorum
850 2622 1120 2693 conditio
1136 2672 1160 2708 ,
1178 2628 1289 2709 qui
1303 2629 1378 2697 ad
1393 2628 1730 2711 provincias
1747 2650 1816 2698 ac
1847 2646 2061 2714 postea
2089 2634 2283 2716 ipsam
2297 2634 2520 2702 italiam

630 2750 1039 2833 occupandam
1100 2752 1525 2837 migraverunt.
1629 2756 1908 2843 Reg10ne
1965 2760 2124 2829 enim
2171 2776 2232 2828 et
2281 2762 2526 2829 nomine

629 2876 884 2958 diversi,
940 2895 1067 2944 non
1114 2878 1221 2945 ilio
1238 2928 1263 2963 ,
1310 2900 1439 2963 quo
1479 2882 1743 2949 Romani
1762 2932 1787 2967 ,
1829 2884 1970 2953 odio
1988 2933 2015 2970 ,
2058 2902 2129 2955 ut
2151 2944 2154 2947 .
2177 2888 2258 2955 im
2291 2887 2523 2971 dicam,

626 3004 978 3074 ferebantur
1025 3006 1088 3071 in
1132 3008 1508 3092 peregrino&
1594 3010 1804 3097 Quum
1868 3012 2028 3078 enim
2082 3013 2148 3078 hi
2201 3034 2374 3099 aegre
2420 3034 2524 3096 pa·
2593 3064 2598 3071 -

628 3130 804 3198 triam
838 3129 1277 3217 relinquerent,
1330 3155 1397 3201 ac
1434 3136 1716 3205 Romano
1754 3140 2004 3207 nomine
2029 3160 2114 3208 se.
2132 3134 2471 3210 abdicarent
2493 3190 2520 3225 ,

629 3256 799 3330 Gaui
852 3246 1047 3341 atq'ue
1107 3258 1396 3329 Germani
1448 3283 1483 3328 e
1551 3280 1762 3331 contra
1832 3266 2020 3351 magis
2086 3269 2520 3335 consuetudine

631 3400 812 3465 quam
878 3386 1123 3454 caritate
1182 3391 1345 3471 apud
1418 3406 1660 3473 gentem
1728 3392 2127 3471 remanebant.
2225 3393 2518 3457 Romanis

624 3507 987 3591 probrosum
1010 3556 1034 3592 ‚
1090 3512 1210 3577 nisi
1244 3514 1483 3595 publica
1525 3519 1870 3587 auctoritate
1889 3565 1914 3601 ,
1969 3514 2254 3584 extraneis
2290 3518 2352 3582 in
2386 3516 2514 3582 bel-

623 3632 687 3699 io
732 3652 1101 3736 succurrere
1138 3652 1241 3706 aut
1297 3641 1588 3723 stipendia
1649 3644 1892 3713 mereri:
1977 3642 2251 3711 Barbaria
2295 3644 2514 3711 hones-

472 3820 483 3829 .
604 3770 758 3831 „tum
808 3763 1063 3842 praemia
1115 3764 1177 3829 in
1220 3765 1415 3835 alieno
1469 3770 1730 3841 exercitu
1791 3766 2088 3855 reportata
2135 3772 2260 3841 suis
2317 3788 2516 3841 osten-

2021 3882 2034 3906 *
2355 3902 2519 3968 dere.
