3000 4917
1280 423 1530 488 m
2265 385 2434 503 65J⁴

456 602 791 678 valuerunt.
873 606 1165 697 Quamvis
1198 607 1381 694 igitur
1411 607 1721 692 sequentis
1763 608 1976 679 aetatis
2004 609 2336 696 ignorantia

453 733 611 802 haec.
631 736 982 817 miscuerit,
1020 754 1090 803 ac
1137 738 1326 803 multa
1361 736 1645 806 instituto
1693 736 1954 825 proptia,
1973 737 2340 823 exciderint,

456 864 716 930 etaliena
749 862 814 929 in
857 863 1077 930 horum
1109 863 1310 929 locum
1331 861 1761 947 sintsuffecta,
1791 863 1857 930 in
1884 879 2172 934 eotamen
2198 833 2357 936 ω’

452 1004 718 1058 mentum
730 989 980 1072 habent,
999 989 1167 1073 quod
1177 989 1686 1074 repugnantibus,
1700 1008 1853 1074 quae
1868 1010 2340 1078 occurrerepos-

448 1115 574 1184 'sint
587 1163 612 1199 ,
645 1115 875 1184 facilem
906 1117 1225 1200 praebeant
1239 1117 1713 1202 explicationem·
1755 1118 2125 1207 Quaeigltur
2139 1122 2341 1198 hacte-

453 1261 571 1312 nus
620 1244 870 1327 exposui
885 1290 912 1327 ,
961 1263 1037 1311 eo
1079 1245 1332 1313 tendunt
1350 1291 1376 1326 ,
1422 1259 1495 1314 ut
1523 1246 1844 1314 ostendant
1882 1258 2022 1313 ante
2047 1246 2342 1340 carolum

455 1370 752 1457 Magnum
809 1371 1171 1440 forbannum
1190 1417 1217 1455 ,
1264 1373 1443 1456 quod·
1471 1372 1684 1439 deinde
1735 1372 2096 1458 praecipuus
2123 1373 2339 1442 mortio

459 1499 650 1569 civilis
702 1496 847 1568 fons
883 1497 1004 1567 fuit
1019 1546 1048 1585 ‚
1101 1517 1480 1584 nequaquam
1511 1517 1733 1568 nomen
1754 1519 1985 1585 poenae
2010 1501 2341 1596 meruisse,

452 1644 663 1694 verum
712 1639 921 1693 contra
975 1624 1041 1691 in
1094 1626 1211 1693 alio
1262 1628 1543 1695 instituto
1557 1672 1584 1709 ‚
1623 1627 2064 1713 proscriptione
2115 1627 2349 1696 scilicet

458 1752 673 1835 capitis
719 1752 1127 1819 damnatorum
1147 1798 1173 1834 ,
1220 1750 1384 1818 illius
1418 1752 1644 1819 semina
1672 1753 1894 1836 detegi.
1977 1752 2142 1818 Haec
2168 1751 2352 1842 igitur

457 1880 688 1948 diversa
723 1893 787 1946 et
822 1876 1049 1963 origine
1081 1891 1144 1947 et
1169 1876 1388 1947 effectu
1418 1878 1732 1963 quomodo
1766 1877 2096 1947 coaluerint
2112 1922 2141 1963 ,
2181 1891 2384 1956 nunc„

466 2007 578 2076 erit
627 2007 971 2078 videndum.
2329 1975 2334 1982 ι

1309 2217 1497 2302 §r-

628 2429 731 2501 De
798 2427 974 2520 Juro
1040 2428 1406 2501 Germanico
1482 2428 1600 2498 sub
1672 2423 2070 2498 Francorum
2130 2438 2194 2497 et

920 2557 1400 2645 Carolingorum
1461 2556 1901 2630 dominatione.

542 2773 715 2861 Quae
763 2772 1083 2854 hucusque
1128 2771 1204 2838 de
1247 2770 1648 2841 Bai-batorum
1705 2769 1771 2837 in
1826 2767 2152 2839 Germania
2202 2786 2354 2866 cong

461 2898 880 2968 suetudinibus
931 2897 1054 2964 dixi
1075 2940 1100 2980 ,
1166 2898 1355 2987 huius
1405 2898 1537 2965 aevi
1578 2871 2107 2984 jurispmdeutiam
2148 2894 2358 2992 depin-¹

467 3038 622 3109 gunt
637 3070 662 3106 ‚
723 3041 948 3106 poenas
1018 3023 1260 3091 ultionis
1309 3038 1372 3090 et
1411 3022 1843 3091 conciliationis
1875 3037 2056 3089 causa
2090 3033 2362 3116 statuen-

467 3166 616 3218 tem.
703 3151 790 3217 At
827 3163 1152 3232 postquam
1183 3151 1553 3216 Francorum
1582 3165 1754 3233 reges
1785 3146 2065 3230 paulatim
2079 3145 2354 3241 diversos

468 3275 824 3346 Germaniae
852 3274 1118 3359 populos
1146 3291 1291 3341 suae
1337 3272 1551 3340 ditioni
1600 3272 1951 3340 submittere
1995 3277 2354 3355 coeperant,

466 3405 708 3491 publica
750 3420 953 3471 rerum
998 3400 1263 3468 conditio
1316 3413 1563 3485 gravem
1626 3398 2079 3467 conversionem
2138 3397 2353 3468 subiit.

469 3530 632 3600 Nam
649 3575 675 3615 ‚
737 3548 815 3596 ne
848 3526 1228 3596 christianam
1285 3527 1634 3613 religionem
1670 3525 1771 3593 hic
1804 3544 2125 3593 memorem
2143 3572 2168 3607 ,
2200 3536 2355 3608 quae

470 3658 782 3745 gentilium
848 3654 1376 3740 superstitionibus
1457 3668 1730 3724 truncata
1807 3665 1870 3720 et
1929 3653 2231 3738 inquinata
2280 3654 2357 3720 ad

468 3804 576 3852 eos
626 3784 937 3871 pervenit,
991 3782 1247 3852 maxime
1301 3784 1366 3852 in
1420 3784 1651 3851 haere
1696 3782 1981 3851 momenti
2024 3781 2160 3856 fuit
2185 3780 2359 3851 Prin-

469 3913 672 4001 cipum
722 3911 1042 4012 auctoritas
1056 3959 1083 3997 ,
1140 3932 1295 3998 quae
1341 3915 1507 3999 apud
1559 3914 1823 3985 Francos
1853 3911 1918 3981 in
1962 3910 2167 3981 multis
2200 3923 2373 4010 sum·

1461 4042 1493 4109 1
2211 4044 2377 4102 mum
