3000 4917
648 389 775 442 θοι
1488 371 1732 434 =

648 564 1042 652 utlagationis
1072 579 1335 646 poenam
1358 559 1618 630 incurrit
1633 603 1661 642 ‚
1701 557 1948 642 quidem
1993 557 2286 626 adversus
2323 560 2558 632 ducem

652 705 915 778 peccat,
970 708 1099 760 non
1138 709 1291 758 vero
1326 689 1616 758 adversus
1665 685 1852 774 hujus
1887 686 2178 756 vasallum
2199 733 2228 769 ,
2283 691 2392 756 cui
2432 704 2562 758 ter-

644 837 747 890 rae
818 835 967 887 suae
1042 817 1291 888 nomine
1354 816 1706 902 homagium
1776 834 1850 886 ee
1919 815 2262 883 hominium
2337 817 2548 888 debet.

644 943 1243 1033 Nonigitnrfeudnli
1268 945 1447 1032 iure,
1482 945 1594 1014 sed
1644 957 1718 1014 ut
1759 943 1850 1012 ita
1885 942 2128 1026 dicam,
2162 943 2330 1014 civili
2367 944 2556 1032 (43)

650 1085 807 1142 tetra
870 1089 989 1142 sua
1046 1071 1317 1156 privatur
1376 1070 1678 1154 utlagatus
1693 1090 1724 1154 ς,
1779 1071 1958 1156 quasi
2007 1073 2324 1156 proprium
2393 1075 2554 1144 auo-

646 1199 819 1270 dium
888 1199 1157 1270 amittite
1234 1199 1378 1284 quia
1430 1217 1578 1269 vero
1630 1198 1804 1270 feudi
1855 1201 2150 1270 dominus
2209 1219 2422 1270 revera
2479 1221 2562 1272 ex

650 1326 863 1398 vasalli
916 1327 1145 1398 delicto
1196 1329 1313 1396 hac
1368 1329 1602 1397 ratione
1653 1329 1944 1398 damnum
1997 1345 2303 1413 pateretur
2316 1376 2343 1413 ,
2403 1347 2555 1414 post

651 1473 881 1526 annum
936 1469 1001 1522 et
1050 1455 1213 1524 diem
1264 1457 1323 1524 ei
1366 1457 1662 1526 redditur.
1747 1459 1852 1524 Sic
1899 1456 2074 1524 liberi
2115 1457 2418 1540 quidquid
2447 1459 2556 1524 ha·

524 1593 531 1598 ·
656 1583 858 1652 buerit
908 1595 1082 1666 pater
1096 1619 1127 1664 ,
1156 1596 1301 1666 post
1320 1583 1632 1666 {delictum
1667 1583 2070 1652 commissum
2107 1585 2424 1668 adquirere
2453 1603 2560 1654 ne-
2605 1557 2616 1574 ⁸

652 1723 889 1796 queunt
938 1723 1189 1796 propter
1238 1709 1765 1782 confiscationem.

732 1840 837 1908 An
892 1857 1041 1908 vero
1090 1839 1227 1922 ipse
1276 1835 1670 1910 forbannitus
1731 1841 1910 1908 alicui
1961 1841 2288 1908 succedere
2335 1855 2556 1924 potue-

654 1967 733 2034 rit
752 2009 779 2047 ,
854 1966 1113 2033 haereot
1186 1965 1265 2030 de
1314 1963 1431 2032 bac
1492 1965 1654 2034 enim
1703 1965 2060 2048 quaestione
2115 1967 2204 2034 nil
2253 1969 2318 2034 in
2357 1969 2560 2050 legum

655 2090 979 2158 codicibus
1012 2094 1111 2158 vel
1154 2107 1706 2162 commentatorum
1751 2094 1998 2177 scriptis
2037 2093 2313 2162 traditur.
2401 2095 2558 2162 Non

654 2237 803 2290 vero
852 2217 950 2288 hic
998 2221 1226 2306 loquor
1270 2223 1349 2290 de
1402 2220 1608 2292 feudis
1655 2225 1788 2293 sive
1821 2223 2174 2293 tenementis
2190 2267 2218 2304 ,
2261 2223 2558 2308 (quippe

660 2347 771 2432 qui
824 2363 1079 2434 propter
1127 2351 1355 2418 crimen
1410 2351 1564 2418 haec
1619 2351 1861 2433 amisit,
1897 2351 2044 2418 dum
2095 2350 2386 2426 sententia
2423 2367 2564 2432 pre·

656 2477 843 2544 mitur
862 2523 887 2558 ,
932 2478 1254 2560 indignus,
1318 2475 1424 2560 qui
1460 2491 1702 2559 teneat,
1766 2477 2128 2564 habetur),
2163 2479 2276 2546 sed
2325 2479 2404 2546 de
2437 2479 2560 2560 iis,

656 2621 813 2684 quae
860 2605 1047 2684 pleno
1096 2599 1367 2670 dominio
1422 2605 1658 2686 adquiri
1705 2619 2000 2687 possunt.
2088 2642 2096 2652 =

738 2727 909 2796 Raro
958 2727 1108 2796 illud
1136 2727 1365 2797 factum
1420 2729 1617 2798 fuisse
1649 2729 1910 2798 arbitror
1927 2775 1954 2814 ‚
2009 2751 2198 2816 quum
2239 2734 2510 2818 plerique
2526 2776 2553 2814 ,

653 2861 782 2928 imo
826 2857 1073 2940 villani,
1140 2855 1262 2924 sub
1326 2859 1588 2941 quadam
1643 2862 2054 2945 praestatione
2099 2877 2320 2930 terram
2369 2862 2552 2932 habe·

654 3003 813 3060 rent.
914 2987 1015 3056 De
1062 2985 1247 3054 bonis
1316 2985 1650 3054 mobilibus
1711 2989 1816 3055 vix
1867 3006 2123 3056 necesse
2173 3003 2268 3056 est
2288 3033 2312 3070 ‚
2383 2991 2557 3070 quod

655 3119 853 3188 dicam
876 3165 902 3202 ,
963 3135 1101 3184 nam
1150 3117 1300 3184 haec
1348 3117 1582 3186 auxilio
1627 3118 1878 3186 nomine
1919 3115 1976 3184 ei
2022 3121 2303 3200 denegata
2354 3114 2548 3182 fuisse

658 3245 949 3334 conjicio.
1032 3243 1334 3312 Praeterea
1398 3259 1546 3312 sunt
1600 3244 1746 3310 haec
1813 3245 2068 3312 minoris
2127 3245 2430 3312 momenti
2475 3241 2549 3308 iis

655 3373 1035 3460 temporibus
1056 3417 1083 3456 ,
1156 3390 1285 3458 quo
1356 3389 1489 3442 rara
1553 3375 1862 3458 pecunia3
1939 3387 2187 3441 cavetur
2238 3387 2438 3438 tamen
2487 3372 2558 3438 in

2443 3493 2564 3562 Le-
2607 3477 2614 3494 ,

760 3725 915 3789 (43)
958 3727 1235 3793 improprie
1278 3725 1461 3780 dieitur
1490 3727 1562 3780 ita
1609 3727 1789 3781 Latine
1833 3742 1945 3782 nant
1991 3741 2054 3780 eo
2105 3738 2330 3792 tempore
2361 3725 2551 3780 nullutn

666 3819 743 3861 est
778 3812 870 3876 Jus
918 3811 1127 3866 civilet
1178 3814 1263 3866 bic
1310 3811 1463 3880 igitur
1501 3814 1572 3868 sit
1617 3829 1708 3878 pro
1745 3812 1892 3880 iure,
1937 3827 2040 3878 quo
2070 3810 2122 3864 in
2155 3827 2336 3880 genere
2373 3823 2546 3865 omnes

660 3903 895 3948 tenentur
934 3895 1143 3950 aubditi.
