3000 4917
1325 315 1566 346 ·“·““““
2139 308 2387 399 ,69

1501 393 1508 401 a

496 537 540 574 „
580 492 836 561 voluerit
860 490 1410 592 ‘armiscontend-at
1451 493 1721 577 (15).”
1806 495 1969 565 Cum
2008 512 2212 568 nmen
2243 502 2378 584 qui·
2481 465 2485 469 ι

491 624 627 690 dam
684 621 1092 703 impunitatem
1143 619 1492 687 delictorum
1543 620 1608 686 in
1668 641 1741 687 eo
1795 601 2177 704 quaererent‘
2204 589 2375 709 quod

490 747 709 840 mortui
744 750 1121 842 dicerentur,
1180 747 1454 829 sequenti
1487 747 1682 832 eapite
1740 749 1879 817 huic
1931 753 2090 818 malo
2141 729 2373 821 obven-

495 891 624 943 tum
671 890 764 942 est
799 921 824 956 ‚
891 894 1019 957 quo
1074 890 1362 942 statutum
1384 922 1409 955 ,
1452 888 1525 941 ut
1575 894 1651 942 eo
1696 896 1843 946 casu
1888 878 2172 963 =nuperius
2213 883 2375 978 J‘ud17

488 1003 697 1083 cium,
754 1003 816 1069 id
862 1018 954 1070 est
973 1050 999 1085 ,
1060 1016 1312 1067 mortem
1368 1002 1702 1084 sustineat,
1746 1021 1926 1085 quam
1977 1019 2149 1073 antea
2188 1009 2374 1076 susti·

487 1146 630 1222 nere
675 1087 919 1208 debuit,
976 1133 1012 1204 <
1032 1130 1155 1208 16)
1216 1144 1276 1193 et
1317 1128 1372 1194 si
1423 1128 1639 1211 aliquis
1696 1129 1978 1198 adversus
2028 1151 2165 1199 eum
2219 1137 2371 1203 mala

486 1255 691 1322 fecerit
710 1301 734 1336 ,
780 1256 1108 1322 secundum
1152 1255 1466 1337 aequitatis
1508 1227 1779 1322 ordinem
1830 1257 2126 1324 licentiam
2160 1259 2372 1327 habeat

479 1404 649 1482 quam
691 1382 980 1468 justitiam
1034 1383 1369 1480 requirendi
1425 1384 1501 1449 de
1551 1383 1746 1454 causis
1792 1384 2146 1468 perpetratis
2194 1402 2367 1470 post-

479 1530 658 1602 quam
692 1513 768 1577 ad
807 1524 1060 1602 mortem
1099 1511 1401 1593 judicatus
1461 1530 1555 1578 est
1570 1558 1596 1593 ,
1639 1512 1713 1577 de
1769 1511 2099 1595 praeteritis
2133 1530 2367 1583 maneat

476 1636 653 1703 sicuti
708 1655 891 1718 snpra
931 1637 1259 1722 iudicatum
1306 1634 1444 1702 fuit.

565 1761 744 1829 Plura
791 1775 988 1827 tamen
1028 1762 1125 1826 hic
1161 1761 1699 1830 animadvertantur
1715 1810 1740 1843 ,
1786 1719 2054 1845 inprimis
2087 1780 2367 1848 respectu

478 1890 940 1982 repugnantiae,
996 1889 1247 1971 quaein
1291 1887 1453 1954 hisce
1516 1888 1794 1971 capitulis
1861 1892 2157 1958 occurrit·
2225 1871 2363 1959 nam

483 2019 755 2106 quamvis
808 1997 1084 2085 mortuus
1134 2017 1362 2083 dicatur
1407 2015 1534 2082 fere
1579 2016 1726 2082 nihil
1777 2032 1871 2083 est
1918 2018 2086 2100 quod
2136 2018 2190 2085 ei
2232 2038 2360 2086 non

475 2148 682 2226 liceat,
713 2160 816 2211 aut
858 2146 910 2211 si
934 2146 1032 2236 ‚ad
1064 2145 1183 2209 hoc
1215 2144 1629 2225 attendamuS,
1673 2144 1909 2211 infamis
1935 2146 2140 2228 potius
2174 2165 2357 2228 quam

475 2289 749 2339 mortuus
775 2271 1030 2339 videtur.
1113 2272 1302 2337 Porro
1333 2270 1396 2334 in
1429 2270 1633 2353 priore
1676 2272 1867 2353 capite
1909 2272 2109 2338 omnia
2153 2292 2264 2339 sua
2292 2274 2356 2364 in

474 2418 726 2490 marcam
766 2418 977 2496 secum⁸
1011 2396 1243 2470 auferre
1285 2411 1487 2482 potest
1506 2444 1532 2479 ,
1592 2397 1652 2462 in
1688 2397 1965 2480 sequenti
2008 2413 2156 2482 post
2198 2398 2350 2500 duo·

454 2528 656 2618 ‘decim
710 2545 1001 2594 annorum
1051 2525 1425 2594 intervallum
1489 2525 1650 2592 bona
1707 2526 1771 2592 in
1833 2526 2078 2610 publico
2135 2546 2356 2594 vocau-

467 2670 605 2737 tur,
635 2675 762 2722 non
804 2657 879 2722 ad
907 2656 1139 2739 Legem
1172 2674 1461 2721 saxonum
1490 2701 1514 2734 ‚
1564 2657 1673 2720 sed
1699 2656 2032 2722 secundum
2062 2655 2354 2741 iudicium

470 2785 857 2852 Francorum.
939 2783 1219 2863 Denique
1250 2781 1691 2850 observandum
1714 2827 1738 2862 ,
1767 2781 1829 2846 in
1864 2780 1957 2846 his
1991 2795 2222 2847 tantum
2255 2800 2351 2846 ca-

430 3001 433 3004 l
473 2909 681 2991 pitulis
738 2909 852 2972 tale
904 2909 1116 2974 mortis
1167 2927 1359 2989 genus
1423 2914 1740 2971 memorari
1762 2952 1786 2987 ‚
1841 2881 2039 2986 neque
2092 2904 2169 2968 ab
2223 2905 2349 2971 ullo

468 3035 544 3118 ad
573 3033 690 3099 hoc
720 3048 1114 3116 provocatum
1148 3033 1340 3099 fuisse
1357 3031 1683 3118 judicium.
1728 3030 1869 3117 Qua
1900 3045 2150 3112 propter
2170 3077 2194 3110 ‚
2234 3029 2349 3095 etsi

471 3161 759 3245 quaedam
801 3158 1016 3224 habeat
1035 3205 1085 3239 ,,
1115 3176 1242 3222 non
1289 3172 1525 3223 tantum
1569 3156 1631 3220 in
1674 3159 1919 3221 nomine
1946 3200 1970 3235 ,
2034 3156 2144 3219 sed
2187 3153 2248 3219 in
2284 3176 2352 3223 re

465 3288 639 3370 etiam
663 3332 694 3380 ,δ
727 3304 867 3353 cum
915 3299 1109 3349 morte
1152 3282 1311 3350 civili
1360 3281 1802 3348 similitudinem
1830 3326 1857 3361 ,
1899 3279 2111 3366 injuria
2149 3294 2345 3349 tamen

464 3417 650 3502 hujus
696 3411 856 3479 basis
908 3426 969 3477 et
1007 3410 1178 3495 origo
1222 3411 1286 3476 in
1331 3407 1451 3474 illis
1497 3407 1732 3491 legibus
1775 3423 2120 3492 poneretur.

413 3507 423 3514 .
2166 3536 2354 3620 Prop-

566 3727 716 3796 C’rs)
763 3732 892 3786 Vid.
940 3731 1063 3784 Lib.
1113 3729 1212 3784 111.
1261 3729 1572 3795 Capieutar.
1620 3728 1752 3789 Cap.
1797 3737 1880 3791 47·
2209 3699 2215 3708 ”

560 3818 708 3886 (ιε)
755 3817 880 3873 vm.
928 3817 998 3870 L.
1053 3814 1122 3868 c,
1177 3814 1237 3868 c,
1289 3816 1372 3877 48·

1407 3896 1516 3978 13
