3000 4917
676 365 756 420 12
996 391 1021 402 ··
1489 358 1731 420 =

1018 473 1035 506 <

672 539 861 611 valuit
892 540 1081 626 magis
1127 536 1432 624 magisque
1475 536 1810 607 increscens
1848 537 2378 608 ecclesiasticorum
2415 559 2553 608 auc-

670 667 899 735 toritas.
982 667 1153 735 Sicut
1200 666 1358 732 enim
1405 664 1476 736 fit
1531 667 1599 731 ln
1652 666 1771 747 iis3
1825 666 1931 749 qui
1990 667 2065 733 ad
2103 684 2321 735 novam
2381 667 2559 733 fidem

670 807 984 864 transeunt
999 839 1025 876 ,
1080 807 1150 861 ut
1201 793 1545 877 saepissime
1596 790 1875 875 antiquae
1910 792 2351 876 superstitionis
2396 793 2558 858 haud

671 940 884 1005 parum
915 920 1309 988 transmittant
1324 967 1350 1003 ,
1391 934 1572 1002 atque
1616 920 1929 1003 opiniones
1946 966 1971 1002 ,
2014 920 2089 987 ab
2130 918 2375 988 infantia
2427 918 2550 986 sibi

673 1060 945 1132 acceptas
962 1093 987 1132 ‚
1027 1066 1167 1114 cum
1216 1064 1374 1115 nova
1417 1047 1703 1131 religione
1748 1050 2112 1133 conjungere
2144 1047 2386 1130 cupiant
2403 1092 2429 1128 ,
2469 1045 2552 1111 ita

679 1192 930 1258 quoque
984 1172 1254 1242 Barbaris
1311 1171 1549 1242 accidit.
1657 1174 1847 1257 Apud
1909 1175 2025 1242 hos
2089 1174 2244 1242 enim
2304 1171 2556 1241 maxima

676 1284 1050 1371 esterdotum
1099 1300 1460 1387 auctoritas3
1516 1318 1644 1368 non
1693 1314 1925 1369 tantum
1991 1302 2053 1366 in
2103 1299 2380 1384 auspiciis
2449 1312 2557 1365 aut

671 1428 950 1528 vaticinio
1003 1429 1259 1514 dignitas
1286 1474 1311 1512 ‚
1365 1429 1474 1495 sed
1529 1428 1742 1511 punire
1762 1475 1786 1512 ,
1842 1428 2297 1497 animadvertere
2345 1442 2406 1494 et
2455 1434 2556 1515 jus

675 1553 870 1621 dicere
911 1556 989 1627 ad
1039 1574 1260 1623 munus
1317 1553 1673 1639 pertinebat.
1761 1555 1936 1621 Hanc
1984 1555 2170 1640 igitur
2219 1555 2546 1623 veneratio·

677 1698 814 1749 nem
848 1684 925 1750 ad
951 1684 1294 1767 Episcopos
1342 1684 1828 1766 transtulerunt3
1871 1684 2051 1751 rudes
2088 1683 2245 1750 enim
2280 1682 2554 1752 homines

676 1807 805 1875 fere
870 1828 1106 1893 semper
1161 1812 1430 1880 Deorum
1496 1809 1844 1894 religionem
1925 1830 2068 1878 cum
2151 1809 2557 1877 ministrorum

674 1937 850 2003 cultu
910 1935 1320 2005 confundunt.
1398 1935 1667 2003 Maxime
1728 1951 1926 2003 autem
1977 1937 2094 2002 hoc
2142 1933 2259 2004 fuit
2310 1948 2554 2001 auctum

677 2082 820 2130 cum
884 2080 1168 2127 tarmus
1235 2062 1311 2126 ad
1395 2061 1590 2143 Papae
1671 2061 2079 2130 auctoritatem
2162 2075 2558 2141 provocasset

676 2189 755 2254 de
808 2187 1085 2254 Franciae
1131 2186 1452 2271 regimine,
1515 2208 1585 2253 ac
1629 2187 1748 2254 sub
1812 2203 2152 2253 cnecomo
2206 2184 2350 2252 vil.
2404 2184 2562 2253 frac-

679 2287 751 2382 to
767 2363 792 2398 ‚
847 2312 1506 2382 excommunicationis.
1542 2314 1605 2383 vi
1622 2360 1646 2396 ,
1702 2312 1967 2381 Henrico
2032 2312 2145 2381 IV.
2208 2295 2559 2380 Germaniae

678 2441 1041 2525 Imperatore
1060 2490 1084 2523 ‚
1148 2460 1465 2510 summum.
1499 2441 1695 2526 tetigit
1745 2441 2075 2527 fastigium.
2165 2440 2347 2509 Tunc
2405 2440 2564 2508 enim

680 2567 961 2652 paulatim
1004 2569 1077 2633 de
1136 2568 1482 2636 clericorum
1531 2568 1865 2637 actionibus
1906 2569 2192 2653 iudicium
2228 2566 2384 2635 ferre
2402 2614 2426 2651 ,
2488 2587 2558 2634 ac

679 2694 817 2760 lites
870 2695 947 2760 ad
1013 2713 1193 2763 suum
1246 2695 1476 2762 trahere
1511 2696 1716 2764 forum
1777 2694 2158 2762 ecclesiastici
2190 2707 2518 2779 coeperunt
2535 2740 2560 2776 ,

683 2819 893 2887 deinde
936 2834 996 2888 et
1044 2823 1330 2890 laicorum
1380 2821 1647 2892 facinora
1667 2870 1692 2906 ‚
1749 2822 1812 2889 in
1860 2836 2147 2905 quantum
2203 2823 2278 2888 ad
2331 2822 2563 2906 religio-

683 2967 821 3014 nem
873 2948 1168 3052 pertinere
1214 2949 1568 3018 videbantur
1586 2998 1610 3032 ,
1669 2949 2119 3034 Episcoporum
2158 2948 2386 3034 judicio
2419 2948 2565 3016 sub-

684 3080 863 3143 missa
907 3091 1094 3158 sunt,
1148 3096 1215 3143 ac
1266 3077 1345 3143 ita
1390 3096 1465 3144 ex
1515 3096 1680 3144 sacra
1736 3075 2028 3158 scriptura
2051 3124 2073 3159 ,
2118 3078 2560 3159 Apostolorum

684 3217 746 3269 et
784 3204 1025 3271 Patrum
1068 3202 1308 3289 scriptis
1327 3251 1352 3287 ‚
1403 3221 1585 3287 atque
1626 3202 2025 3272 conciliorum
2063 3204 2313 3298 decretis
2345 3222 2563 3271 novam

679 3331 1204 3413 jurisprudentiam
1243 3330 1618 3415 formarunt,
1681 3352 1835 3415 quae
1866 3345 2115 3415 propter
2164 3330 2429 3413 inopiam
2459 3346 2567 3400 aut

685 3455 983 3524 defectum
1044 3459 1242 3540 legum
1301 3457 1470 3524 brevi
1516 3476 1583 3523 se
1636 3458 1919 3525 omnibus
1963 3458 2278 3524 immisceri
2338 3457 2570 3540 coepit.

684 3581 871 3652 Haud
915 3597 1112 3648 tamen
1159 3601 1233 3648 eo
1280 3601 1405 3648 rem
1438 3585 1761 3667 perducere
1807 3597 2138 3666 potuerunt
2189 3584 2412 3651 Clerici
2430 3631 2454 3667 ‚
2495 3598 2568 3656 ut

689 3705 930 3790 penitus
978 3707 1254 3790 antiquas
1282 3707 1432 3793 iuris
1482 3712 1722 3794 regulas
1765 3711 2038 3778 tollerent
2053 3758 2078 3793 ,
2140 3711 2570 3780 reluctantibus

688 3829 957 3919 inprimis
1005 3831 1350 3917 nobilibus,
1410 3835 1637 3918 quibus
1690 3858 1762 3905 ex
1799 3838 2210 3922 jurisdictione
2257 3854 2384 3907 tum
2433 3858 2576 3905 auc·

2480 3976 2576 4031 to·
