3000 4917
612 362 657 425 4
1428 346 1675 409 =

716 534 865 599 Non
933 532 1151 600 sufficit
1232 530 1431 615 igitur
1533 531 1678 597 haec
1757 528 2066 613 definitio,
2146 548 2257 597 nec
2347 530 2520 615 quid-
2573 576 2582 583 -

636 679 814 743 quam
874 648 951 725 ad
1013 677 1137 725 rem
1183 657 1588 725 illustrandam
1627 658 1915 741 prodest3
1976 672 2036 724 at
2084 657 2319 724 difficile
2347 660 2522 725 etiam

636 803 731 853 est
768 786 831 851 in
876 799 1037 853 tanta
1083 785 1437 869 opinionum
1486 784 1822 853 diversitate
1867 803 2064 852 meum
2112 784 2319 851 efferre
2361 786 2522 870 judi-

638 915 845 997 cium3
892 926 1209 996 propterea
1268 911 1542 995 inprimis
1559 959 1585 994 ,
1643 910 1782 994 quia
1827 911 1947 977 hoc
1996 910 2136 977 loco
2177 908 2281 978 vix
2331 912 2394 977 in
2430 912 2522 977 in-

636 1058 849 1123 gressu
910 1038 1027 1105 dici
1099 1052 1279 1121 queat
1292 1084 1317 1120 ,
1378 1038 1552 1121 quale
1615 1052 1676 1103 et
1738 1050 2029 1119 quantum
2083 1036 2203 1119 sit,
2262 1038 2337 1103 de
2392 1057 2522 1119 quo

636 1179 847 1249 agatur
860 1211 885 1247 ,
924 1183 1065 1232 cum
1112 1164 1188 1230 ab
1228 1163 1357 1248 ipsa
1386 1166 1626 1231 demum
1661 1164 2063 1247 disputatione
2107 1164 2518 1233 deducendum

632 1292 714 1358 sit
731 1341 756 1374 ‚
819 1292 981 1375 quali
1032 1293 1217 1359 modo
1260 1310 1423 1358 mors
1470 1290 1661 1358 civilis
1723 1290 2058 1358 definiatur.

716 1418 868 1487 Non
944 1431 1143 1485 tamen
1200 1418 1451 1485 utilitate
1522 1434 1721 1483 carere
1790 1417 2051 1499 videtur,
2145 1416 2200 1484 si
2241 1416 2306 1483 in
2350 1416 2520 1485 vocis

634 1543 923 1631 originem
970 1543 1343 1627 inquiramus
1374 1563 1446 1610 ac
1480 1546 1558 1611 ad
1604 1556 1844 1625 tempus
1883 1513 2310 1611 adscendamus
2326 1592 2348 1627 ‚
2393 1562 2518 1625 quo

632 1672 697 1739 in
756 1690 877 1739 usu
932 1688 1068 1738 esse
1126 1670 1353 1754 coepit.
1453 1670 1646 1753 Saepe
1715 1668 1873 1737 enim
1941 1670 2324 1739 observatum
2383 1684 2476 1739 est
2492 1716 2519 1751 ,

634 1800 825 1867 multa
891 1798 1184 1868 vocabula
1246 1811 1439 1867 tractu
1511 1797 1798 1883 temporis
1857 1817 1896 1863 a
1947 1817 2086 1864 vera
2133 1812 2196 1864 et
2245 1814 2520 1881 germana

632 1924 1065 2009 significatione
1122 1924 1423 1991 aberrasse
1443 1969 1468 2005 ,
1541 1942 1653 1990 seu
1747 1922 1957 2006 potius
2028 1921 2271 1987 mutatis
2329 1921 2516 1987 rebus

628 2052 786 2117 idem
851 2047 1143 2117 mansisse
1214 2068 1435 2116 nomen
1453 2097 1478 2132 ‚
1557 2068 1686 2131 quo
1729 2046 1948 2115 factum
1966 2091 1991 2127 ,
2046 2060 2115 2113 ut
2169 2045 2328 2111 haud
2379 2065 2515 2112 raro

634 2178 785 2244 mira
830 2174 1195 2243 vocabulum
1238 2174 1393 2240 inter
1431 2188 1493 2241 et
1540 2194 1666 2241 rem
1716 2184 2057 2263 nasceretur
2095 2169 2511 2255 discrepantia.

629 2302 863 2371 Verum
885 2348 911 2385 ,
956 2300 1065 2371 ubi
1096 2318 1253 2369 nova
1278 2299 1567 2368 vocabula
1599 2298 1982 2397 inyeniuntur
2022 2311 2082 2364 et
2131 2297 2522 2367 introducun-

626 2442 731 2496 tur
746 2474 771 2509 ‚
827 2428 903 2494 ab
960 2426 1091 2510 ipsa
1142 2444 1209 2491 re
1228 2472 1253 2508 ‚
1312 2424 1413 2492 cui
1455 2427 1804 2509 adaptantur
1819 2472 1846 2509 ,
1909 2424 2198 2510 originem
2235 2426 2480 2494 trahunt
2497 2468 2525 2509 ,

629 2570 810 2636 atque
884 2552 1026 2618 hinc
1098 2550 1431 2618 accuratius
1505 2546 1750 2619 sensum
1806 2550 2186 2634 exprimunt,
2248 2552 2373 2621 imo
2421 2556 2523 2620 de·

631 2680 962 2747 finitionem
1019 2676 1146 2743 fere
1205 2676 1514 2743 continere
1566 2662 1880 2752 videniur..
1948 2680 2050 2745 Eo
2105 2677 2292 2765 magis
2342 2679 2523 2765 igitur

593 2848 617 2862 .
637 2824 852 2890 operae
894 2803 1151 2887 pretium
1192 2816 1287 2869 est
1301 2845 1328 2885 ,
1402 2816 1473 2869 ut
1523 2802 1643 2870 hoc
1681 2805 1820 2870 loco
1866 2804 2015 2872 illud
2063 2824 2308 2873 examen
2357 2807 2526 2873 insti-

632 2948 838 3000 tuatur
856 2979 881 3015 ,
938 2949 1065 3013 quo
1110 2928 1297 3014 magis
1338 2947 1375 2994 a
1418 2926 1572 3013 juris
1619 2928 2045 3013 interpretibus
2090 2932 2469 3000 observatum
2493 2978 2518 3013 ‚

635 3074 891 3126 mortem
966 3054 1296 3140 improprie
1361 3054 1479 3121 dici
1540 3055 1767 3122 civilem
1791 3102 1814 3138 ,
1884 3070 1955 3124 ut
2029 3059 2209 3127 hodie
2277 3060 2340 3127 in
2383 3061 2526 3145 Jure

634 3184 878 3253 Gallico
923 3183 1169 3253 traditur
1188 3231 1211 3267 ,
1260 3202 1380 3267 qua
1424 3197 1676 3266 propter
1711 3183 1808 3249 ille
1846 3185 1953 3267 qui
2005 3188 2406 3255 recentissime
2450 3188 2525 3253 de

638 3314 735 3379 illa
794 3313 1268 3381 dissertationem
1314 3312 1672 3396 conscripsit
1686 3358 1710 3395 ,
1786 3312 1868 3379 ita
1938 3313 2322 3381 definiendam
2351 3325 2527 3392 puta-

641 3438 729 3506 vit
749 3483 776 3520 ,
810 3452 877 3505 ut
920 3453 1077 3505 esset
1106 3438 1371 3505 exclusio
1412 3458 1445 3507 e
1489 3438 1726 3505 civitate
1761 3458 1901 3505 cum
1941 3436 2269 3521 privatione
2296 3434 2521 3518 jurium

639 3563 903 3631 civilium
954 3565 1169 3631 diserte
1218 3565 1349 3647 lege
1415 3576 1895 3633 enumeratorum
1941 3564 2032 3645 (α
2054 3562 2119 3644 ).

2391 3682 2523 3752 Dif-

698 3828 823 3895 (8)
861 3830 990 3887 vid.
1032 3832 1230 3886 trem
1268 3833 1423 3887 Diss.
1467 3832 1532 3883 de
1571 3834 1738 3886 nort.
1791 3830 1997 3895 cnm,
2039 3839 2175 3897 pag.
2222 3842 2306 3891 32·
