3000 4917
1507 407 1749 428 -a

670 364 781 448 7⁴1
1505 334 1750 407 m...

667 555 905 624 illorum
941 568 1065 619 non
1104 565 1298 617 tamen
1360 547 1625 632 capitalis
1676 560 1799 614 erat
1818 595 1842 630 ‚
1877 547 2150 632 quamvis
2200 558 2329 619 non
2376 550 2583 635 inqui-²

672 696 904 752 reretur
936 682 988 746 si
1021 679 1084 744 in
1118 679 1404 762 flagrante
1438 675 1660 745 delicto
1681 675 1862 745 occisi
1899 676 2163 746 fixissent
2194 679 2371 764 (34).
2453 679 2576 748 Sed

667 807 866 892 prima
901 804 1031 874 vice
1062 806 1306 874 oculum
1345 803 1694 871 amittebant
1709 849 1736 887 ,
1765 802 1978 872 deinde
2006 823 2250 873 manum
2267 854 2293 889 ,
2318 804 2578 890 denique

674 935 730 1002 sl
763 932 934 1001 tertia
975 934 1107 1001 vice
1130 932 1212 1000 ad
1246 932 1464 999 scelera
1497 932 1872 1001 revertebant
1914 944 1977 999 et
2000 932 2227 1019 judicio
2258 936 2525 1003 convicti
2545 984 2572 1020 ,

669 1061 943 1148 patibulo
985 1060 1168 1128 vitam
1214 1056 1500 1128 finiebant
1546 1059 1726 1144 (35).
1806 1058 1898 1130 Ut
1944 1079 2157 1130 rursus
2202 1060 2267 1128 in
2324 1060 2419 1129 his
2462 1062 2575 1129 mi-

671 1204 871 1257 remur
916 1187 1113 1257 ultimi
1169 1186 1447 1272 supplicii
1493 1186 1697 1255 odium
1714 1232 1739 1269 ,
1804 1206 1913 1256 seu
1963 1188 2274 1257 horrorem
2324 1186 2530 1272 potius
2546 1208 2572 1257 τ

673 1333 810 1383 nam
853 1315 1062 1399 quanti
1107 1313 1359 1382 fecerint
1403 1332 1476 1382 ut
1513 1314 1664 1381 latro
1702 1313 2102 1400 corriperetur
2117 1365 2139 1397 ‚
2187 1312 2394 1382 exinde
2422 1315 2571 1401 Jure

671 1441 973 1526 colligitur
1022 1442 1192 1524 quod
1244 1442 1631 1509 mulctaretur
1681 1441 1779 1508 ille
1797 1488 1822 1525 ,
1883 1444 2033 1526 qui,
2102 1462 2242 1510 cum
2302 1442 2377 1509 ad
2435 1459 2574 1524 per-

676 1535 1045 1638 secutionem
1081 1569 1328 1636 latronis
1364 1570 1843 1637 concurrendum
1878 1586 2037 1638 esset
2054 1618 2080 1653 ,
2109 1569 2308 1638 venire
2344 1568 2567 1635 nollet:

677 1697 853 1783 plura
897 1699 1071 1762 etiam
1129 1696 1474 1782 hujusmodi
1526 1695 1592 1763 in
1643 1694 2010 1765 childeberti
2044 1697 2299 1764 decretis
2348 1690 2575 1764 inveni·

680 1836 888 1892 untur.
946 1826 1035 1890 At
1063 1822 1451 1891 nihilominus
1489 1843 1668 1905 quam
1711 1822 1942 1890 difficile
1975 1820 2160 1891 fuerit
2180 1824 2297 1891 hos
2318 1823 2578 1907 corripe·

679 1970 747 2016 re
763 1997 785 2031 ‚
805 1951 1147 2033 praesertim
1183 1950 1245 2014 in
1266 1950 1522 2018 marchis
1540 1998 1562 2031 ‚
1579 1965 1682 2016 aut
1700 1965 1965 2016 recenter
1984 1948 2233 2016 devictis
2246 1951 2571 2034 provinciis

681 2092 943 2158 quotum
973 2076 1200 2143 incolae
1235 2095 1410 2161 aegre
1432 2078 1648 2162 iugum
1681 2074 1941 2144 ferentes
1975 2078 2036 2143 in
2058 2077 2222 2145 silvis
2251 2077 2434 2143 abditi
2450 2097 2577 2144 sae·

679 2204 821 2288 pius
855 2203 1082 2288 impetu
1114 2204 1276 2271 facto
1306 2203 1538 2272 victum
1574 2220 1637 2271 et
1661 2204 1934 2288 praedam
1968 2204 2084 2270 sibi
2112 2201 2573 2287 comparabant,

684 2333 856 2402 facile
929 2331 1299 2418 intelligitur.
1412 2335 1498 2399 At
1565 2346 1635 2399 ut
1700 2320 1963 2416 perditos
2032 2344 2095 2398 et
2176 2331 2375 2398 indole
2446 2350 2587 2399 sce-

574 2540 575 2547 *
681 2461 900 2525 lentos
974 2458 1251 2526 homines
1305 2458 1531 2526 mittam
1559 2505 1584 2541 ‚
1652 2459 1816 2542 ipsae
1895 2458 2055 2542 leges
2108 2458 2327 2525 docent
2389 2456 2579 2527 fuisse

681 2585 788 2666 qui
835 2597 1094 2666 egestate
1146 2585 1482 2668 compulsi,
1534 2599 1595 2651 et
1628 2586 2040 2667 potentiorum
2092 2584 2368 2669 superbia
2400 2584 2578 2652 bonis

680 2723 755 2776 et
785 2707 1005 2776 familia
1052 2706 1271 2792 privati
1331 2717 1357 2776 (
1369 2711 1481 2795 ³6)
1497 2755 1523 2792 ,
1602 2708 1816 2777 nucius
1866 2711 2061 2779 modis
2107 2712 2287 2777 vitam
2340 2692 2580 2778 susten·-

681 2849 808 2906 tare
839 2853 1223 2921 cogerentur.
1304 2838 1694 2926 Quapropter
1712 2885 1736 2920 ,
1769 2858 1909 2905 cum
1941 2857 2120 2905 nemo
2154 2839 2373 2906 absens
2416 2838 2581 2904 dam·

684 2968 811 3035 nari
844 2982 1054 3050 posset
1088 2981 1125 3040 -‹
1146 2985 1252 3052 372·
1276 2988 1310 3049 ,⁰
1343 2964 1451 3034 sed
1498 2964 1968 3063 ipsessconfiteri,
2015 2979 2120 3033 aut
2153 2965 2391 3053 testium
2430 2983 2580 3031 voce

684 3095 961 3163 convinci
988 3094 1230 3162 deberet
1244 3141 1267 3176 ‚
1306 3093 1550 3163 unicum
1598 3094 1757 3162 malo
1789 3091 2113 3158 remedium
2151 3104 2274 3156 erat
2290 3138 2314 3172 ‚
2359 3106 2429 3158 ut
2452 3090 2581 3157 for·

687 3221 1001 3292 bannirent
1025 3224 1191 3293 illum
1214 3269 1239 3305 ‚
1273 3221 1379 3305 qui
1395 3240 1602 3306 pacem
1635 3203 1970 3291 *incolamm
1996 3218 2356 3289 turbaverat.
2443 3219 2581 3287 Hoc

688 3349 844 3415 enim
918 3368 1058 3419 cum
1123 3345 1457 3433 antiquitus
1510 3344 1886 3417 fnidosorum
1906 3395 1930 3430 ,
1984 3344 2093 3428 qui
2143 3359 2312 3414 metu
2359 3344 2578 3412 caedis·

2457 3471 2584 3540 for-

792 3620 949 3688 (34)
992 3620 1113 3675 Lib.
1149 3616 1293 3675 ⁴v11.
1345 3621 1532 3688 capit.
1577 3623 1637 3674 0.
1675 3621 1790 3688 169.

704 3772 709 3779 ,
791 3708 944 3774 (85)
984 3706 1169 3772 capte.
1216 3706 1318 3760 Ao.
1367 3719 1488 3773 779·
1534 3706 1653 3759 Lib.
1705 3708 1780 3761 v.
1828 3722 1873 3757 c.
1926 3713 2044 3762 206.

793 3790 943 3852 (3⁶)
992 3789 1211 3852 capient
1258 3790 1356 3840 111.
1394 3788 1495 3844 Aa.
1533 3790 1655 3850 805·
1709 3790 1776 3844 c·
1807 3793 1888 3844 ιε.
1920 3790 2042 3844 ιω.
2078 3792 2129 3844 ι.
2164 3788 2224 3841 c,
2280 3775 2397 3852 ης.

795 3868 826 3922 s
847 3871 944 3931 37)
993 3866 1156 3930 Capit
1200 3867 1271 3925 L.
1326 3867 1401 3922 V.
1449 3869 1516 3924 C.
1561 3882 1677 3934 309·
