3000 4917
638 371 759 440 ¹72
1490 363 1736 425 Ε

638 551 837 622 fuerat
912 549 1153 632 factus,
1222 551 1445 636 agitur.
1539 549 1802 620 Nullum
1861 547 2054 633 igitur
2119 545 2248 616 fere
2293 559 2390 616 est
2441 551 2562 619 du·

642 681 813 750 bium
830 726 857 764 ,
950 677 1101 763 quin
1175 679 1433 760 proprio
1507 693 1694 744 sensu
1764 673 1908 742 haec
1979 675 2179 760 accipi
2243 677 2544 761 debeant,

640 808 763 877 nisi
808 807 1225 893 intelligatur,
1278 805 1432 874 iilud
1482 807 1570 873 ita
1619 819 1920 872 servatum
1967 801 2196 887 fuisse,
2250 807 2396 890 quia
2443 827 2556 890 pa·

642 953 777 1002 rum
822 933 1118 1005 curabant
1166 937 1415 1020 Gothi,
1478 936 1630 1019 quid
1673 935 1832 1002 inter
1881 933 2202 1003 Romanos
2255 950 2553 1019 ageretur.

648 1063 945 1152 Quamvis
980 1065 1047 1132 hi
1083 1065 1243 1131 enim
1292 1061 1634 1132 inferiorem
1669 1065 1734 1130 in
1775 1081 1963 1146 regno
1993 1076 2266 1131 tenerent
2301 1065 2506 1131 locum
2524 1111 2552 1146 ‚

646 1191 803 1260 nihil
838 1193 1199 1277 impediebat
1232 1192 1568 1276 quominus
1593 1193 1750 1258 inter
1773 1211 1842 1259 se
1877 1193 2104 1260 civium
2135 1192 2270 1278 jura
2301 1209 2554 1268 conser-

645 1335 855 1388 vatent
874 1365 897 1402 ,
932 1340 1003 1387 ac
1037 1321 1285 1404 propria
1323 1322 1459 1404 iege
1486 1322 1590 1387 vel
1621 1319 2114 1388 manumitterent
2131 1366 2156 1402 ‚
2193 1323 2292 1388 vel
2323 1319 2546 1388 Latina

648 1449 929 1518 libertate
962 1449 1299 1528 donarent,
1328 1449 1427 1514 vel
1457 1447 1536 1513 de
1567 1447 1934 1516 haereditate
1957 1449 2306 1516 dirimerent
2335 1467 2550 1532 quaes-

650 1578 901 1659 tiones3
944 1576 1245 1661 privatam
1288 1573 1433 1642 haec
1455 1621 1479 1657 ‚
1523 1588 1594 1640 ut
1637 1575 1725 1642 ita
1775 1577 1967 1642 dicam
1991 1620 2019 1659 ,
2057 1577 2410 1660 spectabant
2445 1595 2551 1644 oe-

646 1705 991 1772 conomiam
1011 1750 1035 1784 ,
1072 1721 1187 1771 nec
1239 1700 1397 1770 foris
1434 1701 1696 1772 effectus
1727 1703 2082 1772 emittebant
2105 1705 2290 1790 (11).
2371 1705 2552 1774 Con-

649 1831 973 1902 firmantur
1038 1832 1437 1901 nihilominus
1505 1831 1654 1898 haee
1711 1831 1776 1900 in
1823 1849 1972 1918 σωκ
2015 1833 2558 1914 ὶηεῑίωῐίοηίδιιε,

652 1961 765 2028 ubi
838 1963 915 2028 de
985 1961 1211 2044 tripiici
1280 1956 1639 2026 libertorum
1721 1973 1886 2026 statu
1971 1959 2123 2026 satis
2193 1962 2446 2043 copiose
2501 1979 2564 2024 a-

650 2089 852 2174 gitur,
904 2107 977 2156 ae
1027 2089 1370 2172 praesertim
1390 2133 1417 2170 ,
1466 2101 1750 2170 respectu
1786 2089 2216 2154 haereditatum
2253 2105 2322 2155 ac
2371 2101 2558 2156 testa·

654 2228 995 2283 mentorum
1024 2261 1049 2296 ,
1129 2213 1467 2284 differentia
1539 2215 1698 2302 juris
1767 2216 2131 2283 ostenditur.
2261 2213 2330 2284 si
2411 2217 2564 2300 quid

654 2359 858 2413 tamen
918 2344 1159 2411 valeant
1188 2361 1301 2426 ea,
1336 2362 1494 2428 quae
1523 2363 1706 2428 supra
1747 2342 2040 2412 adversus
2073 2343 2311 2411 codicis
2351 2343 2565 2411 Theo·

662 2471 899 2538 dosiani
932 2473 1099 2554 leges
1133 2490 1170 2537 a
1195 2489 1295 2537 me
1322 2487 1489 2538 mota
1521 2485 1710 2552 sunt,
1751 2487 2105 2538 evertuntur
2137 2491 2349 2538 rursus
2375 2472 2563 2540 iuter·

656 2609 877 2680 pretat.
962 2596 1127 2679 Lag.
1180 2617 1241 2664 1.
1294 2597 1561 2676 jusdem
1613 2597 1854 2668 Codicis
1899 2597 1978 2666 dc
2027 2603 2338 2667 sententtt's
2363 2603 2570 2688 passis

659 2743 739 2791 ac
798 2723 1109 2788 restitutis
1128 2769 1153 2804 ‚
1216 2721 1324 2789 ubi
1366 2724 1443 2789 de
1486 2732 1678 2808 patria
1723 2740 2029 2809 potestate
2071 2727 2254 2794 exilio
2299 2727 2514 2795 amissa
2534 2772 2559 2808 ‚

660 2869 733 2920 ac
798 2865 945 2936 post
1010 2851 1451 2918 restitutionem
1543 2868 1788 2937 recepta
1857 2854 2080 2940 agitur.
2163 2854 2352 2942 Quod
2393 2856 2578 2940 plane

664 2983 731 3050 in
802 2979 945 3066 Gaji
1017 2979 1516 3048 institutionibus
1595 2980 1992 3051 confirmatur
2077 2984 2250 3053 hisce
2339 2983 2568 3052 verbis.

668 3155 714 3196 „
754 3109 906 3177 Item
968 3109 1044 3178 de
1086 3123 1390 3194 potestate
1440 3123 1663 3179 exeunt
1709 3110 1820 3182 iiiii
1840 3155 1869 3195 ,
1929 3113 1988 3180 si
2034 3127 2207 3196 pater
2253 3131 2465 3180 eorum
2503 3116 2574 3179 in

2388 3285 2430 3322 „
2470 3257 2574 3307 ex-

772 3470 927 3540 (ιι)
972 3471 1314 3526 confirmatur
1357 3475 1456 3526 hoe
1503 3471 1661 3539 magis
1701 3485 1851 3536 quana
1885 3470 2169 3537 infringitur
2197 3483 2318 3534 0⁸1¹
2361 3468 2563 3522 instito-

598 3561 605 3570 '
678 3556 933 3618 tionibus,
967 3555 1055 3607 ubi
1084 3559 1298 3621 dicitur,
1332 3558 1609 3624 legitimum
1641 3573 1746 3610 esse
1763 3557 2132 3608 matrimonium
2151 3555 2282 3606 inter
2298 3553 2436 3605 cives
2453 3557 2561 3606 Ro-

678 3650 885 3699 manosg
928 3639 1064 3699 quod
1108 3653 1340 3704 respectu
1382 3657 1642 3694 servorum
1690 3643 1877 3693 dictum
1895 3680 1916 3706 ,
1953 3641 2132 3693 exinde
2161 3635 2376 3700 coniido
2395 3673 2414 3700 ,
2448 3637 2572 3699 qui«

682 3719 918 3772 connubii
944 3718 1025 3783 jus
1056 3725 1189 3784 apud
1206 3725 1406 3776 Gothos
1436 3739 1538 3776 non
1573 3735 1705 3777 essct
1739 3739 2024 3783 concessum
2043 3721 2284 3778 Romanis
2313 3731 2428 3770 ante
2460 3725 2568 3773 Re·

686 3801 921 3855 ceawindi
952 3817 1155 3866 regnum
1173 3838 1194 3865 ‚
1236 3805 1325 3866 qui
1369 3819 1597 3868 expressa
1628 3805 1743 3870 iege
1777 3805 1902 3857 iilud
1943 3803 2023 3869 jus
2054 3806 2190 3860 tulit.
2257 3805 2386 3861 vid.
2421 3807 2491 3859 L.
2525 3806 2577 3862 1.

688 3887 963 3952 Visigotla.
1019 3887 1151 3942 Litu-
1184 3887 1281 3941 111.
1333 3889 1467 3955 Cap.
1518 3901 1568 3942 r.
