3000 4917
1309 383 1559 447 Ξ
2260 389 2393 457 ⁹49·

673 680 778 753 De
832 680 1056 749 Morte
1109 676 1302 765 Civili
1354 679 1428 742 in
1469 675 1717 746 ‘Gallia
1759 690 1909 766 post,
1966 696 2184 753 rorum

1199 809 1678 878 comersionem.

573 1086 877 1174 Quamvis
932 1104 1006 1154 eo
1061 1101 1377 1172 praetextu
1430 1088 1670 1157 Galliae
1720 1082 2049 1153 conversio
2103 1082 2387 1155 inchoata

486 1233 563 1280 ac
589 1216 946 1283 continuata
981 1194 1064 1283 sit
1081 1259 1108 1297 ,
1159 1231 1231 1282 ut
1264 1215 1529 1284 foedalis
1580 1234 1654 1282 ac
1690 1212 2008 1297 despotica
2046 1211 2264 1276 veteris
2295 1229 2387 1276 re·

493 1340 738 1423 giminis
765 1341 1039 1410 instituta
1074 1345 1469 1425 tollerentur,
1500 1356 1832 1428 postquam
1868 1340 2057 1408 semel
2093 1357 2169 1407 eo
2207 1343 2388 1433 deue-

486 1471 619 1547 nit,
674 1483 745 1532 ut
779 1486 896 1550 pro
945 1465 1119 1549 Rege
1160 1484 1323 1532 unus
1372 1468 1658 1549 pluresve
1709 1467 1955 1550 tyranni
2007 1484 2206 1533 rerum
2254 1485 2389 1535 mo-

484 1595 774 1659 deramen
803 1606 1072 1660 tenerent
1088 1637 1115 1675 ‚
1145 1593 1316 1660 nihil
1355 1595 1485 1662 fere
1525 1596 1590 1662 in
1628 1595 1868 1678 legibus
1901 1608 2201 1664 mutatum
2236 1609 2334 1662 est
2354 1617 2386 1678 ·‚

485 1718 608 1786 nisi
659 1721 829 1803 quod
877 1738 1024 1788 suae
1073 1722 1380 1804 potentiae
1425 1741 1494 1788 ac
1564 1723 1837 1790 avaritiei
1886 1725 2164 1791 resistere
2206 1737 2388 1807 puta-

485 1848 674 1931 bant,
726 1849 811 1916 ita
859 1865 972 1915 nec
1021 1849 1262 1916 libertas
1316 1868 1432 1916 nec
1481 1851 1754 1918 hominis
1808 1853 1948 1938 jura
2002 1849 2391 1919 confiscatio-

477 1995 621 2044 nem
680 1960 913 2061 (δὲ),
965 1997 1062 2043 ›ac
1113 1991 1372 2051 mortem
1436 1979 1677 2045 civilem
1737 1980 2144 2047 sustulerunt.
2231 1977 2383 2046 Non

483 2105 821 2171 mirandum
876 2106 1062 2188 igitur
1122 2105 1176 2170 si
1225 2106 1488 2172 rationes
1510 2149 1537 2186 ‚
1594 2125 1752 2190 quae
1819 2123 2076 2176 mortem
2139 2105 2383 2173 civilem

376 2276 379 2283 -
483 2233 860 2299 adducebant
879 2276 905 2314 ,
979 2230 1207 2299 frustra
1269 2249 1637 2315 quaerantur
1712 2253 1965 2318 eamque
2035 2237 2215 2318 quasi
2276 2250 2385 2298 ne-

475 2361 814 2427 cessarium·
900 2360 1132 2442 aliquid
1216 2356 1364 2426 suae
1451 2361 1541 2427 rei
1624 2362 1972 2428 habuerint.
2114 2350 2382 2426 Codices

469 2491 640 2556 enim
694 2488 1031 2555 fluctuante
1081 2486 1388 2571 regiminis
1438 2485 1638 2557 forma
1694 2487 1965 2557 confecti
2002 2508 2075 2555 ac
2126 2502 2387 2572 tyranno

473 2631 767 2702 regnante
818 2616 1202 2700 comprobati
1225 2676 1229 2683 .
1252 2619 1598 2684 necessario
1669 2616 1929 2700 vestigia
1979 2617 2382 2682 ostenderunt

469 2746 739 2827 egoismi
791 2746 1107 2829 cujusdam
1135 2790 1159 2827 ‚
1208 2764 1337 2828 quo
1381 2745 1778 2828 magistratus
1831 2746 1966 2812 sive
2018 2745 2384 2826 imperantes

476 2872 692 2936 omnia
738 2871 1042 2952 cogebant
1063 2916 1087 2950 ‚
1146 2873 1374 2952 quibus
1425 2875 1801 2940 adversarios
1852 2872 2134 2939 inimicos
2178 2889 2383 2936 aemu-

479 3001 652 3063 losve
738 2996 1022 3078 repellere
1098 3009 1353 3078 possent
1373 3040 1397 3075 ,
1490 2999 1582 3061 sic
1661 3016 1830 3062 mors
1912 2998 2121 3063 civilis
2189 2996 2382 3077 magis

479 3122 750 3206 politicis
807 3120 1147 3188 rationibus
1217 3141 1290 3189 ac
1342 3124 1603 3188 vexandi
1663 3141 1842 3187 causa
1866 3169 1893 3203 ,
1962 3141 2144 3204 quam
2195 3141 2381 3205 prop·

485 3267 576 3316 ter
625 3252 882 3316 salutem
939 3249 1244 3333 publicam
1301 3250 1649 3315 introducta
1702 3264 1823 3316 est.
1924 3250 2214 3332 Magnam
2267 3251 2386 3333 igi-

469 3392 578 3445 tur
623 3379 709 3446 rei
778 3395 983 3444 curam
1057 3393 1186 3442 non
1245 3377 1649 3444 adhibuerunt
1672 3423 1697 3458 ,
1771 3376 1880 3443 sed
1941 3377 1999 3443 si
2063 3394 2233 3445 mors
2297 3379 2386 3442 ci·

2297 3522 2392 3572 vi-

528 3733 685 3798 (62)
728 3732 1035 3786 confiscatio
1081 3732 1163 3784 die
1215 3744 1300 3785 ατ.
1355 3733 1476 3795 Jau.
1530 3743 1671 3794 1790.
1722 3730 1908 3783 abolita
1949 3734 2043 3784 sub
2070 3733 2267 3791 terroris
2298 3748 2377 3784 re-

471 3813 653 3881 gimine
701 3817 953 3873 restituta.
1019 3820 1235 3868 Mortem
1280 3829 1405 3865 vero
1442 3813 1644 3864 civilem
1697 3815 1912 3873 latrones
1943 3832 2004 3873 ac
2024 3816 2215 3871 sicarii
2250 3834 2278 3870 a
2323 3832 2377 3869 se

459 3899 797 3968 repulerunt,
846 3916 905 3956 ut
935 3902 1298 3956 honestioribus
1331 3896 1661 3961 applicarent.

1461 4000 1532 4067 Ii
