3000 4917
1272 328 1522 397 ===
2268 298 2378 412 '3⁷'
2401 363 2442 391 -.

432 514 849 586 ‘constitutum
867 533 894 599 ς
914 514 1085 598 quod
1110 532 1257 585 sane
1290 516 1494 585 minus
1521 515 1738 586 mtioni
1767 534 2245 590 consentaneum
2261 519 2356 590 vi-

438 646 644 715 detur.
728 643 939 730 Magis
976 644 1163 729 igitur
1194 662 1547 713 camerano
1577 645 1877 716 assentior
1895 694 1923 732 ,
1956 647 2067 733 qui
2101 648 2354 718 forban-

436 773 634 843 nitum
650 816 681 857 ,
723 772 844 841 hoc
875 774 1014 840 loco
1042 771 1348 859 intelligitt
1382 773 1635 859 publico
1661 776 1903 844 decreto
1917 776 2346 847 constitum·

432 902 673 969 Sensus
710 902 869 969 enim
904 919 1052 971 tune
1081 901 1225 971 erit:
1297 904 1371 971 In
1404 902 1710 989 exigendis
1740 904 2130 990 vectigalibus
2143 914 2344 989 quae',

434 1028 771 1111 antiquitus
822 1029 1065 1115 publica
1086 1033 1445 1100 auctoritate
1478 1032 1652 1101 fuere
1694 1032 1950 1101 admissa
1967 1079 1993 1115 ‚
2039 1034 2189 1102 illud
2233 1033 2348 1100 ob·
2389 1052 2398 1061 ’

434 1174 715 1227 servetur
732 1206 758 1242 ,
808 1174 898 1228 -ut
939 1173 1185 1229 eatenus
1242 1174 1478 1229 tantum
1525 1160 1764 1227 valeant
1777 1206 1802 1242 ,
1849 1174 2147 1242 quatenus
2196 1158 2350 1227 anti·

436 1286 579 1369 quis
594 1286 873 1355 ‘moribus
889 1334 914 1370 ‚
942 1289 1382 1358 consuetudine
1411 1287 1586 1356 fuere
1613 1288 1959 1356 introducta
1974 1334 2000 1370 ‚
2018 1288 2189 1369 quod
2203 1305 2348 1355 sane

434 1429 507 1482 ut
540 1388 688 1482 mihi
718 1415 957 1485 videtur
974 1464 999 1501 ,
1036 1435 1192 1485 nou·
1210 1436 1317 1500 ea,
1364 1437 1487 1500 qua
1519 1436 1693 1503 pnor
1717 1415 2040 1503 explicatio
2054 1462 2079 1498 ‚
2113 1414 2348 1515 labora

433 1546 809 1628 difficultate.
903 1545 1210 1613 Praeterea
1256 1564 1333 1613 ex
1369 1537 1764 1630 Capitulariis'
1807 1545 2048 1631 Regum
2082 1545 2345 1612 Franco-

432 1692 570 1742 rum
627 1674 779 1759 legis
830 1673 987 1741 ratio
1023 1672 1398 1757 intelligitur.
1457 1672 1706 1741 Etenim
1742 1672 1828 1737 illi
1845 1718 1872 1754 ,
1915 1670 2030 1755 qui
2054 1672 2155 1739 vel
2187 1687 2348 1754 pon-

434 1816 531 1869 tes
596 1782 978 1871 extruxerant
998 1847 1026 1885 ,
1064 1803 1169 1869 'vel
1208 1799 1467 1868 navibus
1505 1800 1768 1867 aliorum
1803 1817 2032 1865 merces
2078 1788 2348 1865 transve-

434 1930 659 1998 hebant
676 1978 700 2013 ‚
739 1946 1055 1999 sumtuum
1117 1943 1180 1997 et
1238 1926 1444 1997 auxilii
1488 1946 1670 1995 causa
1720 1926 2021 2010 quandam
2051 1903 2344 2007 pecuniae

428 2078 721 2127 summam
756 2058 1072 2145 exigebant
1090 2104 1115 2140 ,
1170 2076 1285 2125 seu
1334 2059 1642 2125 teloneum
1687 2075 1724 2121 a
1756 2053 1992 2137 populo
2027 2052 2128 2122 vel
2173 2052 2346 2136 Rege

426 2188 917 2272 comprobatum.
1002 2185 1131 2257 Alii
1160 2204 1311 2254 vero
1337 2184 1491 2254 lucri
1521 2182 1850 2270 cupiditate
1867 2228 1894 2263 ‚
1925 2200 2070 2248 cum
2096 2178 2342 2247 nullum

424 2317 715 2384 haberent
754 2315 983 2383 flumen
1037 2314 1155 2382 vel·
1172 2385 1175 2387 ,
1194 2311 1361 2380 aliud
1403 2310 1678 2378 naturale
1709 2306 2205 2392 impedimentum
2225 2351 2252 2387 ‚
2301 2322 2341 2373 a

424 2458 556 2531 'quo
612 2443 873 2511 viatores
920 2441 1308 2511 sublevarent
1323 2483 1351 2521 ,
1398 2436 1656 2507 funibus
1705 2434 1985 2519 expansis
2032 2434 2134 2501 vel
2161 2420 2342 2498 arbo'-

422 2571 594 2641 ribus
642 2550 837 2639 caesis
876 2568 1035 2637 viam
1078 2565 1478 2635 obstruebant
1495 2610 1520 2646 ‚
1580 2575 1654 2632 ut
1712 2576 1912 2629 tamen
1952 2557 2336 2644 vectigalium

418 2700 663 2769 nomine
731 2698 960 2783 aliquid
1010 2695 1340 2763 haberent.
1442 2689 1587 2759 Hoc
1649 2704 1747 2757 est
1802 2688 1974 2771 quod
2022 2684 2333 2770 improbat

418 2806 735 2897 canonos
789 2841 1075 2895 macnus
1094 2870 1119 2905 ,
1167 2820 1393 2908 J‘ubens
1415 2852 1455 2902 ,·
1505 2836 1586 2885 ne
1631 2816 1772 2900 quis
1825 2813 1948 2881 nisi
2010 2832 2080 2879 ea
2099 2858 2127 2896 ,
2175 2792 2336 2895 quae

416 2954 667 3041 publica
692 2956 825 3038 lege
866 2965 1015 3019 sunt
1054 2949 1395 3017 introducta
1411 2991 1439 3028 ‚
1473 2942 1801 3028 percipiat,
1833 2958 1950 3006 nec
1986 2940 2132 3023 plus
2161 2951 2332 3022 petat

413 3102 595 3168 quam
614 3128 642 3166 ,
696 3080 870 3164 quod
911 3076 1179 3160 antiquis
1220 3071 1512 3141 moribus
1553 3084 1650 3140 est
1695 3065 2102 3135 constitutum
2155 3070 2193 3147 (
2209 3080 2252 3147 5
2266 3069 2325 3149 2,

809 3215 812 3218 ’
1054 3187 1061 3193 ’
2206 3190 2334 3257 De·

511 3392 633 3463 (5)
671 3392 799 3447 vm.
848 3388 1202 3457 capitularia
1250 3386 1457 3451 Regum
1500 3383 1823 3434 Franconnn
1867 3377 1939 3430 L.
1985 3374 2093 3431 111.
2129 3376 2192 3429 C.
2225 3387 2318 3431 no·
2402 3398 2405 3404 „

414 3518 463 3551 „
493 3483 673 3535 Pincet
716 3472 901 3537 nobis,
965 3481 1026 3522 ut
1081 3468 1287 3531 antiqua
1330 3478 1385 3517 et
1425 3462 1560 3528 iusta
1603 3462 1804 3515 telonea
1847 3472 1876 3511 ι
1918 3458 2314 3525 negotiatoribus

416 3552 467 3639 ,ᾗ
496 3564 801 3630 exigantur,
854 3566 958 3606 tam
1005 3551 1069 3603 de
1114 3548 1355 3615 pontibus
1404 3558 1656 3609 quamque
1703 3544 1767 3595 de
1813 3541 2028 3608 navigiis
2073 3556 2164 3595 seu
2204 3556 2338 3597 mer·-

409 3635 465 3714 ,'‚*
492 3645 638 3699 entis.
702 3645 855 3696 Nova
901 3646 1031 3692 vero
1071 3651 1163 3690 seu
1206 3631 1423 3697 iniusta,
1469 3630 1560 3684 ubi
1599 3631 1748 3683 funes
1775 3627 2049 3680 tenduntur
2075 3627 2164 3679 vel
2191 3642 2306 3680 cum

412 3764 461 3797 „
492 3728 708 3781 nvibus
744 3728 841 3779 sub
873 3722 1112 3787 pontibus
1140 3718 1377 3771 transhur
1406 3731 1497 3770 seu
1533 3714 1606 3781 his
1632 3712 1811 3767 similia
1826 3749 1847 3779 ,
1895 3713 1946 3765 in
1977 3713 2161 3777 quibus
2190 3712 2306 3765 nul·

410 3808 461 3880 ,‘,‘
488 3800 593 3863 ium
638 3808 937 3875 adjutorium
984 3806 1334 3863 itimrantibus
1377 3814 1692 3871 praestaturg
1741 3812 1796 3853 ut
1827 3810 1926 3853 non
1955 3800 2245 3867 engnntur.

466 3899 539 3976 ξε
597 3896 665 3952 L.
728 3884 832 3955 1v;
865 3884 869 3887 ’
898 3900 964 3954 C·
1007 3910 1096 3965 -310
1164 3930 1213 3963 ¹‚
1246 3896 1322 3950 Ut
1366 3890 1457 3945 ubi
1490 3900 1733 3957 *tempore
1778 3888 1864 3951 avi
1906 3884 2066 3949 nostri
2108 3880 2310 4013 negiu·

1405 3972 1474 4041 Η
2105 3997 2152 4030 22
2245 3974 2306 4026 Ρ·
