3000 4917
1314 331 1555 367 --
2187 347 2194 354 ’
2302 346 2383 399 21

1316 372 1555 393 m

380 477 385 493 ’
469 503 638 581 mana
673 513 819 581 ditio
836 529 961 580 non
981 515 1133 579 ultra
1161 527 1368 579 muros
1389 514 1823 583 extenderetur.
1863 506 2085 600 Neque
2101 505 2221 584 hoc
2235 508 2367 586 mu-'

472 655 661 708 tatum
704 633 841 730 cum
882 639 1122 724 longius
1164 653 1391 741 pateret
1406 685 1432 723 ,
1459 642 1569 708 sed
1604 659 1759 725 aqua
1808 655 1870 708 et
1908 642 2034 727 igni
2068 644 2365 712 interdicti

468 780 699 849 tantum
761 741 900 833 urbi
972 764 1265 833 abstInere
1320 757 1710 851 cogebantur.
1794 768 2002 836 Dubio
2045 770 2195 838 vhoc
2257 790 2361 839 ca·

467 906 559 958 ret
604 892 656 960 si
696 892 908 960 oculos
958 897 1379 960 ‘convertamus
1422 894 1499 960 ad
1542 913 1612 961 ea
1663 914 1818 977 quae
1877 896 1954 963 de
2004 915 2361 966 orvmmco

467 1018 531 1083 in
564 1037 925 1087 olcnuoms
959 1020 1243 1087 Oratione
1269 1039 1383 1102 pro
1414 1039 1765 1089 ommno
1802 1023 2109 1107 leguntur.
2169 1023 2356 1091 Hunc

469 1142 625 1212 enim
660 1146 926 1213 veneficii
951 1163 1130 1215 causa
1142 1135 1601 1214 condemnatum
1621 1193 1647 1228 ,
1678 1160 1741 1213 et
1765 1166 1922 1230 aqua
1936 1161 1999 1214 et
2023 1148 2162 1232 igne
2175 1148 2359 1214 inter-

463 1271 688 1339 dictum
721 1240 910 1339 fuisse
925 1319 952 1356 ,
980 1273 1275 1339 neminem
1326 1271 1561 1358 fugisse
1599 1271 1860 1340 arbitror
1876 1318 1904 1357 ,
1941 1274 2106 1340 hunc
2157 1284 2355 1341 tamen

474 1415 603 1463 non
675 1412 908 1467 tantum
1021 1399 1285 1466 Falernis
1355 1399 1659 1467 habitasse
1672 1444 1700 1483 ,
1769 1399 1879 1468 sed
1948 1399 2122 1467 etiam
2194 1413 2362 1467 extra

476 1522 648 1590 urbis
699 1540 908 1607 portas
959 1524 1181 1606 aliquid
1234 1524 1517 1592 conducti
1559 1525 1843 1594 habuisse
1890 1544 1964 1593 ex
2015 1543 2360 1594 0101:qu

469 1621 709 1714 constat
748 1647 922 1734 (a).
1003 1651 1173 1717 Falsa
1204 1650 1458 1732 proinde
1502 1652 1713 1734 opinio
1751 1652 1989 1754 illorum
2007 1695 2033 1733 ,
2094 1651 2202 1730 qui
2244 1667 2363 1733 pu·

470 1787 598 1839 mut
613 1819 639 1855 ‚
695 1787 825 1842 tum
857 1774 1097 1841 demum
1151 1793 1332 1857 quem
1376 1775 1671 1842 civitatem
1698 1774 1984 1842 amittere
2017 1789 2162 1841 cum
2191 1774 2357 1857 apud

467 1900 633 1988 aiiam
683 1916 918 1984 gentem
968 1920 1036 1967 se
1085 1900 1276 1969 civem
1294 1897 1564 1967 'adscribi
1610 1913 1937 1983 pateretur.
2018 1895 2180 1965 Nam
2200 1891 2247 1980 ‚⁴
2278 1916 2359 1966 ne

461 2044 777 2094 memorem
832 2046 988 2110 aqua
1032 2042 1093 2094 et
1139 2027 1267 2111 igni
1317 2025 1728 2093 interdictione
1777 2024 2073 2091 neminem
2122 2023 2360 2107 potuis-·
2447 2059 2452 2064 -

460 2145 558 2219 se‘
591 2145 800 2237 cogi,‘
834 2169 905 2219 ut
972 2172 1197 2220 nomen
1259 2152 1602 2236 peregrinae
1650 2150 1871 2218 civitati
1920 2152 2085 2244 daret
2101 2197 2127 2233 ‚
2178 2152 2352 2236 (hoc

462 2276 617 2344 enim
666 2296 744 2343 ne
780 2297 888 2362 per
936 2278 1210 2350 exsilium
1269 2276 1510 2360 quidem
1530 2322 1554 2360 ‚
1605 2275 1660 2344 si
1715 2278 1835 2344 hoc
1876 2276 2062 2345 verbo
2108 2276 2199 2346 uti
2227 2295 2357 2344 -vo-

465 2402 720 2471 luissent
732 2419 927 2472 actum
945 2404 1198 2473 fuisset*
1217 2452 1243 2487 ,
1264 2403 1364 2474 vix
1379 2403 1655 2471 credibile
1667 2417 1785 2489 est,
1806 2402 2206 2490 Oppianicum
2220 2421 2354 2472 non

458 2531 649 2616 maius
694 2551 768 2598 ex
813 2531 1224 2601 interdictione
1254 2533 1535 2600 damnum
1570 2531 1763 2601 fuisse
1806 2549 2057 2617 passum
2076 2576 2103 2613 ,
2162 2549 2346 2613 quam

327 2642 333 2649 ’
453 2658 619 2724 extra
671 2645 899 2740 portas
926 2658 1224 2727 habitandi
1281 2660 1723 2727 necessitatem.
1807 2658 1998 2745 Quod
2045 2656 2102 2723 si
2145 2674 2345 2739 neque

453 2782 572 2849 hoc
611 2782 1091 2851 animadvertisse
1138 2784 1389 2852 sufficiat
1406 2830 1431 2866 ‚
1474 2784 1707 2870 egregie
1752 2784 2069 2851 confirmat
2106 2777 2346 2847 sentenss

452 2908 593 2973 tiam
622 2927 812 2974 meam
841 2927 1130 2990 cronno,
1165 2909 1272 2976 ubi
1307 2909 1371 2973 in
1413 2911 1617 2976 eadem
1665 2909 1911 2992 phrasi,
1957 2926 2079 2987 qua
2120 2914 2351 2972 orrmi

456 3051 683 3099 mcum
721 3033 797 3097 ad
863 3032 1061 3098 villam
1104 3032 1506 3099 suburbanam
1557 3029 1631 3098 ex
1680 3050 1841 3112 equo
1891 3019 2198 3114 dejectum*
2235 3025 2342 3094 oc-'

453 3154 736 3224 cubuisse
801 3157 1048 3237 exponit
1066 3200 1094 3237 ,
1166 3171 1305 3222 eum
1369 3156 1637 3243 exsulem
1693 3169 1756 3219 et
1805 3153 2044 3220 civitate
2088 3154 2340 3237 ejectum

331 3307 335 3318 ’
451 3296 650 3351 vocat.
733 3280 910 3367 Quae
952 3280 1150 3346 omnia
1183 3279 1326 3347 satis
1371 3289 1574 3361 aperte
1603 3280 1827 3345 docere
1863 3277 2180 3360 videntur,
2207 3297 2335 3347 non

450 3409 526 3476 ab
593 3406 991 3542 adscriptione
1041 3406 1106 3473 in
1167 3404 1279 3471 alia
1336 3403 1577 3472 ciuitate
1623 3406 1732 3473 sed
1779 3404 1908 3472 ab
1891 3424 2021 3490 ipsa
2070 3424 2222 3489 aqua
2270 3421 2334 3472 et

2208 3531 2336 3617 igni

552 3681 583 3744 (
597 3685 671 3751 s)
718 3678 834 3734 Cic.
884 3693 975 3744 pro
1005 3677 1245 3734 Cluentio
1286 3680 1417 3746 cap.
1462 3684 1543 3732 σο.

1408 3781 1464 3849 C
1509 3802 1547 3866 3
