3000 4917
1255 362 1548 434 ······.
2229 342 2307 437 7'3

423 546 585 612 tione
636 542 701 609 in
730 538 1090 626 capitulariis
1124 540 1412 608 latronis:
1431 556 1653 608 nomen
1701 538 1912 607 habeat
1927 586 1952 624 ,
2003 540 2179 623 quasi
2221 541 2338 610 ini-

420 685 656 739 tantum
702 669 767 737 in
808 669 1169 753 forbannum
1200 667 1598 737 mitterentur.
1659 667 1848 734 Hinc
1876 687 2005 737 non
2048 668 2315 737 otiosum

425 797 574 865 mihi
609 816 770 886 opus
802 816 978 882 agere
1014 795 1256 882 videor,
1288 796 1345 863 si
1385 816 1461 864 ex
1490 795 1658 882 ,ipsis
1687 795 1919 881 legibus
1938 843 1963 879 ‚
2014 796 2081 863 in
2119 813 2320 880 ,quan-

429 938 564 993 tum
603 923 727 993 hoc
758 923 939 993 fieri.
963 923 1204 1010 possit,
1250 939 1523 994 accurate
1557 922 1745 992 -vocis
1787 897 1984 1010 hujus
2023 922 2320 1008 significa·

434 1050 657 1120 tionem
701 1049 1057 1134 disquiram.
1157 1051 1304 1120 Alio
1373 1051 1533 1120 enim
1590 1052 1733 1119 loco
1790 1069 1941 1120 cum
1974 1050 2328 1119 -homicidis-

439 1192 505 1246 et
550 1176 911 1268 incestuosis
958 1178 1108 1262 (28)
1148 1177 1607 1263 aequiparantur
1654 1178 1922 1244 latrones
1935 1222 1962 1259 ,
2008 1175 2126 1265 alio
2179 1177 2320 1245 loco

440 1304 785 1390 simpliciter
835 1303 1003 1375 fures
1055 1305 1347 1391 dicuntur
1395 1306 1579 1392 (29).
1664 1303 1858 1371 Alibi·
1885 1322 2099 1372 rursus
2152 1304 2331 1371 male-

442 1430 774 1520 factoribus
817 1431 881 1499 id
915 1445 1009 1499 est
1055 1430 1459 1515 praedonibus
1517 1446 1663 1501 sunt
1707 1430 1932 1501 similes
1981 1433 2161 1516 (30).
2211 1431 2335 1499 ·At

442 1531 768 1642 plurimum
830 1558 985 1628 lucis
1060 1557 1234 1626 affert
1287 1558 1646 1627 Benedictus
1692 1558 1908 1627 Levita
1962 1557 2027 1625 in
2082 1558 2334 1643 Capitu-

443 1684 603 1754 lariis
652 1683 819 1768 {3⁴0
836 1729 861 1765 ,
954 1703 1017 1764 a,
1060 1701 1187 1765 quo
1248 1684 1402 1751 latro
1460 1684 1814 1767 intelligitur
1828 1731 1855 1765 ,
1923 1685 2031 1767 qui
2100 1685 2340 1768 rapinae

447 1828 631 1880 causa
683 1808 943 1891 aliquem
997 1807 1339 1891 adgreditur
1357 1854 1383 1890 ,
1431 1822 1537 1874 aut
1588 1806 1703 1874 iter
1746 1808 2061 1892 agentibus
2102 1806 2343 1876 insidias

451 1911 739 2005 struxerit
758 1982 784 2017 ,
828 1947 970 2002 ·aut
1032 1934 1280 2003 domum
1344 1932 1590 2003 alterius
1657 1948 1994 2002 nocturnus
2052 1935 2342 2020 spoliator

457 2060 777 2135 invaserit:
821 2080 890 2129 ac
937 2074 1234 2146 praeterea
1257 2080 1332 2127 ex
1363 2061 1644 2131 Formula
1683 2043 1882 2130 vetere
1932 2062 2087 2147 (32)
2100 2109 2128 2146 ‚
2186 2083 2342 2148 quae

458 2189 582 2257 huc
630 2187 929 2271 pertinere
956 2188 1228 2270 videtur,
1271 2205 1401 2256 non
1437 2200 1670 2256 mntum
1711 2190 1849 2258 illos
1880 2190 2205 2277 intelligere
2237 2192 2342 2260 de-

458 2315 671 2383 bemus
693 2362 719 2398 ,
755 2314 867 2399 qui
896 2315 1032 2384 data
1065 2314 1378 2382 occasione
1401 2315 1627 2400 aliquid
1643 2315 1958 2401 furantur,
1984 2319 2094 2386 sed
2127 2318 2235 2402 qui
2268 2337 2345 2386 ex

455 2442 773 2527 proposito
789 2485 817 2525 ,
860 2455 924 2510 et
969 2441 1180 2512 armati
1218 2440 1477 2513 viatores
1521 2456 1581 2511 et
1619 2444 1833 2513 domos
1862 2444 2187 2513 incolarum
2242 2445 2347 2512 ad-

460 2569 855 2656 grediuntur3
897 2569 944 2638 ii
971 2589 1118 2638 vero
1166 2568 1433 2653 inprimis
1480 2572 1781 2641 metuendi
1807 2573 1889 2640 iis
1932 2572 2343 2659 temporibus,

456 2697 680 2781 quibus
724 2697 934 2768 itinera
963 2697 1196 2764 deserta
1236 2712 1300 2764 et
1337 2698 1603 2766 saltuosa
1622 2745 1647 2782 ,
1689 2698 2082 2771 habitationes
2117 2702 2348 2784 disper-

460 2843 561 2894 sae
596 2841 786 2893 erant.
841 2824 1050 2892 Verbo
1085 2838 1231 2892 sunt
1259 2826 1530 2891 latrones
1565 2825 1879 2900 hominum
1910 2845 2101 2910 genus
2121 2873 2147 2907 ‚
2180 2828 2349 2907 quod

460 2949 637 3019 caede
683 2964 745 3017 et
788 2949 990 3036 rapina
1008 2994 1039 3034 ,
1083 2951 1287 3035 legum
1338 2963 1651 3021 contemtu
1707 2951 1858 3044 vivit
1894 2954 1922 3021 ί
1930 2958 2069 3036 33>-
2151 2952 2352 3022 Poena

2277 3076 2350 3143 il·

514 3265 519 3270 ·
566 3257 729 3327 (ιδ)
769 3261 899 3314 Lm
937 3262 1014 3318 V.
1062 3260 1213 3328 Cape
1244 3274 1362 3324 24²·

514 3365 521 3372 ·
568 3346 732 3414 (29)
777 3346 900 3401 Lib.
951 3347 1030 3404 V.
1082 3346 1306 3413 capitul
1334 3359 1383 3400 c·
1429 3345 1542 3407 348.

566 3433 716 3498 (3ο)
757 3432 872 3484 Les
908 3433 1168 3483 Saxonum
1215 3442 1266 3484 c·
1311 3442 1399 3491 24·

450 3533 459 3540 ·
565 3518 721 3583 (ει)
761 3517 835 3573 L.
878 3515 1014 3574 vn.
1058 3515 1243 3580 capte.
1280 3514 1348 3568 C.
1395 3510 1513 3577 169‘.

567 3601 726 3666 (32)
774 3598 1039 3656 Formulae
1086 3599 1299 3678 Veteres
1340 3591 1594 3658 sirmondi
1619 3595 1761 3664 ‚Nm
1807 3597 1976 3652 XXX.
2017 3599 2163 3665 apud
2203 3598 2344 3653 ean·

477 3686 680 3737 clauum
715 3685 858 3737 Tm.
905 3683 1012 3737 111.
1061 3691 1120 3747 p.
1169 3696 1284 3745 445.

569 3769 599 3829 (
620 3781 679 3850 3-3
698 3768 731 3833 )
785 3768 1035 3821 Differunt
1093 3762 1244 3830 igitur
1278 3764 1372 3832 :fur
1413 3774 1467 3817 et
1508 3753 1634 3848 la'tro
1677 3761 1809 3817 sicut
1829 3774 2072 3844 nostrum
2113 3762 2245 3830 dlefi
2291 3776 2347 3818 et

476 3866 651 3905 rouer-

1463 3934 1523 4003 Κ
1639 3913 1648 3924 .
