3000 4917
1243 382 1501 444 sm
2199 396 2419 464 ηιμ
2554 385 2563 393 ·

413 573 580 656 regni
640 569 860 640 incolis
924 568 1147 635 horum
1195 578 1395 632 tamen
1428 563 1699 640 actiones
1743 582 1870 635 non
1903 566 2108 637 minus
2136 588 2307 639 eon·
2347 650 2355 656 ,

411 700 805 779 suetudines,
864 695 1057 762 edicta
1077 737 1104 775 ‚
1171 694 1411 759 decreta
1477 709 1551 758 ae
1619 691 2004 771 tribunalium
2059 713 2301 784 sengen-

410 830 570 909 tiae,
634 829 1130 910 complectuntur
1154 868 1181 905 ‚
1229 824 1391 891 unde
1435 834 1794 905 sequeretur
1814 866 1843 904 ,
1893 828 2065 906 quod
2119 830 2177 894 si
2218 842 2309 896 ta·

408 958 484 1023 lis
545 958 630 1021 sit
694 955 926 1039 iuriam
992 954 1280 1021 civilium'
1315 969 1541 1020 sensus
1564 996 1591 1034 ‚
1649 950 1726 1019 ab
1777 953 1950 1020 omni
2001 969 2146 1021 actu
2194 958 2302 1024 ab-

407 1087 630 1152 stinere
683 1099 941 1171 cogatur
976 1082 1235 1149 civiliter
1274 1098 1600 1164 mortuus,
1650 1094 1834 1167 atque
1873 1100 1990 1165 pro
2052 1098 2299 1152 mortuo

407 1213 721 1281 habeatur.
807 1214 998 1282 Nulla
1047 1215 1235 1297 igitur
1289 1227 1385 1281 est
1443 1212 1762 1294 definitio,
1808 1231 1964 1296 quae
2014 1214 2304 1283 instituto

406 1341 559 1407 eatis
603 1338 939 1419 convenit,
1003 1358 1145 1406 cum
1196 1352 1302 1406 aut
1349 1339 1556 1404 minue
1604 1340 1757 1422 quid
1807 1341 2155 1419 contineat,
2195 1354 2302 1406 aut

407 1465 636 1533 intacta
695 1466 999 1546 relinquat
1017 1509 1043 1543 ,
1112 1482 1274 1548 quae
1333 1462 1398 1531 in
1453 1481 1651 1533 morte
1696 1466 1862 1534 civili
1913 1466 2308 1551 praetermitti

406 1606 760 1674 nequeunt,
817 1593 938 1657 nisi
1004 1609 1133 1657 eam
1187 1590 1272 1657 ita
1334 1591 1663 1685 depingere
1711 1594 1971 1695 velimus
2050 1641 2093 1678 ‚‚
2134 1615 2302 1664 mort
2436 1668 2439 1671 Α

413 1762 458 1798 ,,
493 1716 697 1783 civilis
724 1716 889 1796 jure
925 1714 1171 1783 Gallico
1218 1728 1311 1782 est
1336 1733 1541 1804 poena
1554 1762 1581 1799 ‚
1633 1739 1763 1805 qua
1805 1723 1946 1806 quis
1974 1725 2308 1791 matrimo-

408 1889 451 1924 „
493 1848 669 1909 nium
710 1843 1081 1910 contrahere
1096 1886 1121 1922 ,
1169 1852 1604 1909 testamentum
1620 1843 1850 1927 fucere
1864 1892 1889 1928 ,
1930 1840 2304 1920 'donatiam

410 2020 453 2055 ‚‚
492 1980 778 2061 accipere
828 1982 964 2036 eta·
1003 1989 1317 2057 quousque
1370 1971 1547 2037 illud
1589 1971 1724 2059 lege
1755 1972 2062 2058 definitur
2077 2022 2102 2060 ‚
2158 1994 2304 2064 age-

410 2151 454 2186 „
497 2124 570 2170 re
606 2103 979 2192 prohibetur
997 2101 1083 2169 .·”
1136 2102 1269 2168 aliis
1307 2101 1508 2169 verbis
1536 2149 1561 2183 ‚
1611 2105 1868 2173 civiliter
1896 2120 2174 2174 mortuus
2210 2107 2306 2174 di-
2420 2173 2426 2177 .

402 2233 565 2297 citur
626 2206 774 2311 ille,
830 2229 941 2311 qui
983 2227 1123 2311 jura
1168 2243 1441 2293 exercere
1490 2227 1704 2309 nequit
1750 2230 1806 2295 ei
1855 2231 1988 2314 lege
2039 2233 2301 2300 ademta.

404 2360 492 2427 At
544 2361 653 2441 qui
696 2328 781 2425 ita
816 2376 939 2424 rem
983 2355 1261 2423 definiret
1293 2356 1457 2422 haud
1488 2354 1802 2423 dissimilis
1837 2358 2142 2457 videretur
2172 2359 2300 2440 ini,

405 2487 513 2571 qui
566 2489 644 2554 de
702 2487 897 2552 milite
949 2488 1211 2569 graviter
1260 2460 1581 2552 vulnerato
1635 2501 1885 2568 rogatus
1905 2529 1932 2568 ,
1989 2487 2309 2570 respondit

398 2629 497 2684 tot
564 2614 833 2683 membra
899 2613 1147 2697 amisit,
1227 2615 1398 2705 quod
1445 2614 1717 2684 hostium
1770 2618 1972 2705 gladio
2029 2615 2086 2685 ei
2128 2614 2303 2686 fuere

394 2745 655 2811 ademta.

479 2873 802 2938 Undenam
860 2887 1008 2935 vero
1056 2867 1201 2934 haec
1248 2869 1315 2935 in
1344 2868 1682 2938 definienda
1724 2888 1921 2939 morte
1959 2872 2124 2940 civili
2159 2890 2294 2940 mov·

394 2996 617 3066 lestia‘?
640 2997 931 3062 undenam
955 2998 1090 3063 illae
1124 2998 1505 3064 difficultates
1525 3002 1757 3066 ratione
1783 3003 2088 3081 instituti,
2118 2999 2290 3080 quod
2346 3020 2350 3025 ’

394 3127 627 3193 diutius
658 3126 723 3193 in
750 3124 952 3192 Gallia
976 3127 1214 3210 viguit,
1249 3144 1321 3192 ae
1357 3126 1773 3194 doctissorum
1811 3128 2078 3193 virorum
2115 3144 2288 3195 men·

393 3268 530 3322 tem·
576 3253 870 3339 agitavit?
935 3257 1039 3350 An
1086 3255 1277 3339 igitur
1333 3257 1399 3322 hi
1462 3269 1729 3340 systema
1781 3257 2033 3339 aliquod
2098 3254 2290 3325 finxe-

391 3400 502 3464 re,
561 3382 671 3448 ubi
707 3382 941 3448 nullum
995 3381 1142 3450 est?
1218 3400 1362 3451 nam
1412 3382 1764 3450 definitione
1816 3399 2085 3468 systema
2131 3402 2284 3450 cou-

386 3512 644 3579 tinctur.
724 3512 828 3578 An
876 3512 1060 3597 igitur
1121 3527 1219 3579 tot
1267 3516 1649 3581 saeculorum
1704 3514 2070 3597 experientia
2137 3513 2287 3579 vitiu

385 3641 726 3725 corrigere,
791 3660 863 3708 ac
911 3641 1276 3710 antinomias
1334 3645 1532 3710 delere
1575 3661 1701 3712 non
1749 3640 2006 3726 potuit?
2076 3640 2168 3707 At
2216 3641 2281 3707 in

386 3785 648 3836 mentem
722 3786 1119 3852 revocemus,
1199 3769 1351 3855 quid
1420 3766 1609 3835 fuerit
1668 3768 1848 3837 initio
1912 3744 2077 3833 mors
2129 3768 2281 3834 civi·

382 3901 463 3969 ils
481 3943 508 3983 ,
567 3899 719 3985 quid
756 3896 1229 3985 significaverit,
1289 3896 1609 3983 quomodo
1658 3896 1736 3965 ab
1776 3897 1940 3965 Italia
1986 3912 2275 3981 perverso

1023 4032 1030 4041 '
1512 4029 1516 4033 ’
2158 4025 2290 4094 Ro·
