3000 4917
596 360 718 424 218
1422 365 1663 397 ⁸-

599 552 698 617 εἰσ
761 545 887 615 fieri
952 545 1178 631 possit.
1281 546 1378 614 Ea
1427 546 1659 613 ratione
1708 544 1911 629 primo
1962 559 2309 614 memoratu
2365 546 2503 632 dig-

593 695 787 755 num,
867 675 1194 756 plerosque
1288 674 1469 740 medii
1582 673 1719 742 aevi
1829 671 2158 755 scriptores
2256 692 2504 741 narrare

596 816 737 872 ante
803 819 1220 873 tuoowcum
1273 788 1525 869 wonuiu
1597 802 1792 885 magia
1858 800 2177 886 magisque
2244 803 2505 886 periisse

598 929 858 1015 scriptas
909 932 1117 1014 leges,
1174 949 1328 1014 quas
1377 949 1413 996 a
1462 945 1734 997 cAuoLo
1784 948 2027 998 uacuo
2072 927 2293 997 Franci
2335 948 2500 997 retu·

597 1062 817 1127 lerant.
917 1057 1063 1124 Tali
1111 1076 1255 1124 vero
1311 1074 1510 1124 rerum
1562 1056 1922 1125 conditione
1979 1058 2088 1126 vix
2139 1057 2452 1142 probabile
2467 1103 2493 1141 ,

602 1205 799 1255 novas
845 1187 1265 1268 institutiones
1286 1231 1311 1269 ,
1368 1204 1523 1268 quae
1572 1202 1839 1270 systema
1873 1205 1946 1254 ac
1996 1187 2336 1271 analogiam
2377 1204 2500 1254 am·

565 1315 956 1402 ‘plectuntur
986 1359 1014 1394 ,
1085 1312 1284 1382 fuisse
1345 1328 1536 1382 ortas.
1642 1314 1874 1381 Deinde
1935 1314 2234 1380 neminem
2290 1312 2496 1399 fugit,

601 1442 858 1511 civiliter
953 1456 1237 1508 mortuos
1331 1454 1569 1508 tantum
1632 1459 1740 1507 eos
1814 1441 2065 1522 habeti,
2178 1443 2288 1525 qui
2374 1443 2494 1509 sub

603 1589 800 1656 poena
849 1570 1067 1637 mortis
1114 1566 1632 1650 forbanniuntur,
1690 1569 1852 1634 unde
1907 1585 2142 1635 certum
2179 1571 2335 1637 illud
2363 1586 2497 1637 tum

613 1702 860 1767 demum
911 1698 1218 1778 valuisse,
1280 1715 1420 1762 cum
1457 1694 1653 1781 Regia
1691 1697 1966 1782 majestas
2001 1714 2038 1763 e
2065 1716 2313 1764 summo
2349 1718 2502 1766 con·

605 1842 848 1909 temtu,
929 1844 1054 1908 quo
1122 1823 1419 1891 nobilium
1479 1823 1768 1907 superbia
1830 1825 2329 1908 opprimebatur,
2403 1845 2503 1893 ea·

606 1971 784 2022 tenus
840 1955 997 2021 vires
1053 1967 1509 2036 recuperasset,
1566 1966 1637 2019 ut
1683 1952 2066 2022 subditorum
2120 1954 2502 2037 principibus

607 2082 768 2149 haud
822 2100 943 2147 una
998 2084 1061 2147 in
1120 2100 1301 2147 causa
1356 2083 1548 2164 legem
1604 2078 1803 2147 facere
1862 2098 2102 2164 posset.
2191 2080 2328 2162 Jam
2389 2082 2506 2148 etsi

605 2210 723 2278 sub
772 2227 1085 2277 nummo
1123 2210 1173 2274 Ι.
1225 2211 1374 2276 haec
1416 2210 1737 2277 conversio
1786 2209 2070 2276 inchoata
2106 2206 2332 2289 fuerit,
2374 2227 2503 2278 ιυ-

605 2356 833 2405 nov1c1
870 2335 1017 2404 Vll.
1076 2357 1214 2403 cum
1271 2337 1609 2404 minoribus
1661 2316 1974 2402 nobilibus
2018 2338 2304 2403 acerrima
2337 2336 2500 2405 bella

599 2467 748 2531 satis
803 2467 1184 2544 ostendunt,
1238 2483 1611 2532 emmaum
1664 2482 2049 2531 Avensa-um
2104 2465 2305 2548 primo
2350 2462 2498 2539 fun-

597 2591 877 2655 damenta
918 2591 1142 2672 jecisse
1178 2592 1345 2657 illius
1385 2593 1733 2674 potentiae,
1792 2592 1895 2660 cui
1940 2611 2331 2660 Lunowcus
2370 2612 2497 2659 uo·

597 2735 732 2784 Nus
785 2717 1147 2800 legislatoris
1203 2735 1431 2784 nomen
1498 2738 1570 2784 ac
1622 2718 1973 2787 facultatem
2036 2722 2272 2788 debuit.
2358 2722 2490 2819 ‚Ad

506 2894 511 2899 -
593 2844 779 2932 hujus
833 2860 1082 2913 aetatem
1132 2845 1316 2929 igitur
1369 2847 1521 2914 haec
1569 2846 1774 2915 referri
1813 2842 2143 2933 opo'rtent,
2195 2869 2336 2918 nam
2376 2852 2498 2918 im·

594 2977 809 3059 primis
875 2975 937 3042 in
988 2974 1063 3041 iis
1104 2975 1259 3041 locis
1287 3019 1313 3054 ‚
1351 2995 1509 3059 quae
1570 2980 2012 3046 consuetudine
2080 2980 2492 3063 regebantur,
2558 2968 2571 2975 ’

594 3120 724 3169 non
789 3103 959 3186 prius
1020 3101 1210 3188 Regis
1259 3104 1561 3190 judicium
1619 3108 1958 3188 praevalere
2013 3109 2260 3190 potuit,
2319 3124 2495 3173 ante-

593 3234 792 3314 quam'
836 3224 1023 3317 hujus
1082 3232 1440 3299 sententiam
1495 3232 1803 3317 principes
1854 3254 2181 3320 agnoscere
2240 3237 2500 3305 didicis-

591 3372 757 3425 sent.
840 3358 1030 3425 Porro
1082 3359 1394 3439 Codices,
1452 3361 1561 3444 qui
1612 3363 1922 3431 saeculum
1974 3366 2358 3432 undecimum
2413 3384 2492 3433 ac

587 3484 1014 3553 duodecimum
1071 3487 1387 3555 continere
1432 3489 1772 3572 dicuntur,
1831 3491 1986 3558 nihil
2039 3492 2114 3558 de
2154 3506 2347 3559 morte
2403 3494 2495 3560 ci·
2580 3498 2587 3504 “

592 3612 702 3678 vili
754 3627 1142 3696 memorant,
1211 3617 1494 3698 quamvis
1549 3614 1837 3685 forbanni
1890 3618 1996 3686 fiat
2038 3621 2296 3690 mentio.
2382 3620 2492 3689 Sic

586 3738 973 3820 Normanni,
1088 3742 1196 3823 qui
1269 3760 1484 3826 postea
1588 3745 1893 3813 bonorum
1990 3746 2328 3813 cessionem
2423 3767 2496 3814 ac

588 3866 836 3953 spurios
890 3868 1101 3933 mortis
1146 3867 1349 3938 civilis
1409 3873 1650 3957 speeies
1704 3864 2014 3948 dixeruntss
2072 3874 2137 3942 in
2199 3874 2500 3960 antiquis-

2412 4020 2503 4072 ἰο

2948 4504 2957 4541 ...—
