3000 4917
1259 392 1506 456 Ε
1609 371 1615 376 ’
2212 401 2340 468 203

438 575 719 662 Legibus
772 579 1099 644 nnwass'm
1135 591 1586 646 conrnssoms
1633 596 1668 645 a
1704 591 2129 647 curruum
2167 576 2338 646 Nor·

440 724 811 780 mannorum
867 705 1023 774 duce
1065 704 1355 774 correctis
1369 749 1407 788 ,
1440 723 1522 771 ne
1555 707 1697 789 quis
1731 705 1976 788 utlagati
2013 721 2110 771 res
2145 719 2332 773 emat.

437 837 621 908 Unde
672 835 768 918 {fit
838 835 1222 919 verosimile,
1306 834 1479 920 quod
1535 833 1638 902 hic
1717 833 1874 902 nihil
1919 832 2045 900 sibi
2106 832 2333 902 habere

440 964 736 1047 potuerit.
822 963 1128 1032 Praeterea
1180 979 1308 1030 non
1346 976 1556 1046 potest
1605 962 1672 1028 in
1699 961 1937 1046 iudicio
1981 962 2192 1030 sistere
2236 975 2344 1030 aut

438 1094 743 1163 actionem
790 1093 1046 1177 dirigere
1062 1137 1089 1175 ,
1144 1092 1258 1160 sed
1316 1069 1572 1160 aliorum
1629 1089 2029 1176 petitionibus
2088 1107 2344 1175 respon-

441 1222 579 1291 dere
644 1221 889 1306 cogitur
905 1268 931 1304 ,
990 1235 1367 1308 quapropter
1430 1221 1487 1286 ei
1551 1236 1796 1288 curator
1815 1266 1844 1302 ,
1897 1218 2294 1304 subjungitur
2313 1263 2344 1301 ,

446 1351 557 1434 qui
638 1367 775 1418 eum
850 1349 918 1417 in
974 1345 1115 1417 foro
1186 1360 1582 1430 representet.
1679 1346 1776 1414 De
1828 1348 2207 1414 testamentis
2267 1365 2344 1416 ac

448 1476 658 1542 tutelis
710 1475 872 1541 nihil
916 1488 1083 1542 certo
1120 1485 1411 1555 constat3
1470 1473 1547 1538 de
1599 1475 1698 1540 his
1737 1474 1896 1540 enim
1943 1476 2173 1543 ratione
2215 1473 2349 1542 for·

445 1601 837 1668 bannitorum
904 1600 1153 1682 regulae
1216 1617 1344 1667 non
1404 1600 1822 1684 reperiuntur3
1896 1603 1975 1670 de
2037 1599 2157 1670 illis
2201 1603 2349 1670 doc-

444 1725 603 1792 trina
646 1725 828 1810 plane
880 1727 1051 1792 deest
1102 1724 1167 1792 in
1225 1723 1467 1810 legibus
1516 1728 1975 1794 Normannicis.

531 1848 859 1917 Habebant
924 1865 1123 1918 tamen
1190 1847 1528 1916 forbanniti
1581 1849 1647 1914 in
1705 1847 2080 1918 Normannia
2143 1850 2352 1933 perfu-

450 1979 619 2062 gium
682 1977 989 2060 quoddam
1014 2019 1045 2060 ,
1103 1990 1177 2043 ut
1224 1975 1382 2041 vitae
1430 1975 1770 2061 periculum
1817 1977 2116 2063 vitarent,
2177 1999 2345 2046 nem·

446 2121 529 2190 pe
550 2151 575 2186 ‚
641 2107 697 2174 si
754 2103 949 2188 Regia
1003 2121 1156 2188 pace
1206 2104 1447 2186 expulsi
1502 2102 1583 2170 ad
1649 2102 1767 2169 Dei
1813 2122 2026 2188 pacem
2078 2124 2148 2174 se
2199 2124 2350 2174 con-

447 2227 717 2312 ferrent,
783 2229 850 2296 id
894 2243 995 2296 est
1025 2273 1052 2310 ,
1110 2241 1220 2295 aut
1287 2228 1353 2298 in
1418 2228 1738 2318 ecclesiam
1791 2229 2192 2316 confugerent
2239 2249 2350 2302 aut

446 2377 691 2425 crucem
744 2361 1275 2444 amplecterentur.
1386 2357 1553 2422 Hinc
1613 2359 1928 2443 justitiarii
1981 2380 2196 2430 manus
2243 2363 2354 2430 ab·

446 2491 671 2559 stinere
739 2489 1113 2573 cogebantur
1132 2535 1157 2570 ,
1228 2504 1309 2554 ne
1376 2487 1494 2554 Dei
1551 2489 1790 2574 exleges
1860 2489 2075 2558 fierent
2149 2493 2351 2574 (44).

448 2619 863 2700 Compensata
898 2633 1098 2684 tamen
1146 2619 1251 2686 illa
1310 2619 1625 2702 asylorum
1685 2623 1780 2686 vis
1797 2643 1820 2698 3
1883 2639 2022 2688 nam
2080 2619 2355 2688 custodi·

446 2746 566 2814 bus
614 2748 695 2812 ad
742 2763 953 2830 portas
1012 2749 1108 2814 vel
1162 2747 1293 2816 vias
1352 2747 1652 2832 depositis
1707 2751 2142 2832 expectandum
2178 2761 2350 2832 erat,

447 2875 645 2941 donec
698 2890 837 2939 reus
908 2875 1119 2958 inopia
1176 2875 1378 2943 victus
1429 2880 1524 2944 vel
1574 2877 1816 2944 vinctas
1861 2879 2174 2960 supplicio
2229 2897 2356 2944 ma-

446 3021 566 3070 nus
602 3001 866 3067 traderet
913 3005 1014 3069 vel
1070 3005 1276 3072 Ducis
1318 3018 1509 3070 terras
1558 3002 1858 3088 forjurare
1909 3005 2346 3087 polliceretur,

447 3130 625 3217 cujus
658 3127 926 3196 formula
958 3129 1048 3194 sic
1088 3129 1151 3194 in
1188 3127 1468 3214 Legibus
1508 3131 1797 3212 reperitur
1822 3131 2004 3212 (45).
2049 3172 2092 3209 ,,
2131 3173 2173 3210 ,,
2207 3127 2351 3198 Hoc

453 3303 496 3340 „
542 3303 585 3340 „
627 3259 874 3324 audiant
922 3271 1139 3320 omnes
1208 3253 1569 3321 assistentes
1592 3299 1619 3335 ,
1697 3255 1865 3336 quod
1929 3270 2001 3321 tu
2067 3255 2131 3320 in
2183 3253 2351 3320 Nor-

455 3430 499 3469 „
544 3429 586 3466 „
630 3384 931 3450 manniam
997 3401 1125 3450 non
1196 3383 1455 3450 intrabis
1475 3427 1502 3465 ,
1553 3401 1672 3451 nec
1737 3383 1919 3450 alicui
1977 3385 2200 3450 malum
2254 3384 2352 3452 vel

452 3555 499 3596 ,‚
545 3556 587 3595 „
629 3496 1053 3581 detrimentum
1108 3527 1361 3598 propter
1393 3514 1552 3580 hanc
1580 3529 1948 3598 personam,
2006 3529 2118 3598 per
2159 3526 2218 3577 te
2256 3512 2352 3578 vel

1989 3655 2356 3724 ‘„„pe'l'

514 3826 549 3892 (
563 3825 673 3892 44)
716 3828 839 3884 LL.
884 3829 1071 3882 Nom·
1124 3830 1190 3883 C.
1236 3843 1325 3892 24.
1366 3823 1415 3880 S.
1463 3843 1518 3880 2.

556 3916 703 3981 (45)
748 3913 871 3969 LI..
920 3914 1110 3967 Nom·
1162 3917 1222 3970 C.
1267 3927 1353 3978 23.
1400 3908 1449 3968 S.
1494 3932 1554 3980 9.

1428 4017 1629 4085 Ceo
