<?xml version="1.0" encoding="UTF-8"?>
<!DOCTYPE html PUBLIC "-//W3C//DTD XHTML 1.0 Transitional//EN"
    "http://www.w3.org/TR/xhtml1/DTD/xhtml1-transitional.dtd">
<html xmlns="http://www.w3.org/1999/xhtml" xml:lang="en" lang="en">
 <head>
  <title>
</title>
<meta http-equiv="Content-Type" content="text/html;charset=utf-8" />
  <meta name='ocr-system' content='tesseract 3.04.00' />
  <meta name='ocr-capabilities' content='ocr_page ocr_carea ocr_par ocr_line ocrx_word'/>
</head>
<body>
  <div class='ocr_page' id='page_1' title='image "./demortecivili00unkngoog_0046.png"; bbox 0 0 3000 4917; ppageno 0'>
   <div class='ocr_carea' id='block_1_1' title="bbox 714 338 1767 411">
    <p class='ocr_par' dir='ltr' id='par_1_1' title="bbox 714 338 1767 411">
     <span class='ocr_line' id='line_1_1' title="bbox 714 338 1767 411; baseline -0.007 -1"><span class='ocrx_word' id='word_1_1' title='bbox 714 338 795 411; x_wconf 73' lang='lat'>28</span> <span class='ocrx_word' id='word_1_2' title='bbox 1527 344 1767 404; x_wconf 53' lang='grc' dir='ltr'>Ξ.-</span> 
     </span>
    </p>
   </div>
   <div class='ocr_carea' id='block_1_2' title="bbox 691 525 2590 3506">
    <p class='ocr_par' dir='ltr' id='par_1_2' title="bbox 691 525 2590 3397">
     <span class='ocr_line' id='line_1_2' title="bbox 695 525 2587 619; baseline 0.002 -17"><span class='ocrx_word' id='word_1_3' title='bbox 695 531 883 619; x_wconf 84' lang='lat' dir='ltr'>igitur</span> <span class='ocrx_word' id='word_1_4' title='bbox 927 544 1022 599; x_wconf 92' lang='lat' dir='ltr'>est</span> <span class='ocrx_word' id='word_1_5' title='bbox 1053 529 1386 600; x_wconf 82' lang='lat' dir='ltr'>verosimile</span> <span class='ocrx_word' id='word_1_6' title='bbox 1405 571 1441 611; x_wconf 90' lang='lat'><strong>,</strong></span> <span class='ocrx_word' id='word_1_7' title='bbox 1474 528 1634 597; x_wconf 83' lang='lat' dir='ltr'>bona</span> <span class='ocrx_word' id='word_1_8' title='bbox 1678 547 1834 613; x_wconf 89' lang='lat' dir='ltr'>aqua</span> <span class='ocrx_word' id='word_1_9' title='bbox 1879 545 1940 598; x_wconf 89' lang='lat' dir='ltr'>et</span> <span class='ocrx_word' id='word_1_10' title='bbox 1970 529 2094 617; x_wconf 89' lang='lat' dir='ltr'>igni</span> <span class='ocrx_word' id='word_1_11' title='bbox 2141 525 2587 606; x_wconf 77' lang='lat' dir='ltr'>interdictorum</span> 
     </span>
     <span class='ocr_line' id='line_1_3' title="bbox 694 656 2579 775; baseline 0.003 -50"><span class='ocrx_word' id='word_1_12' title='bbox 694 674 842 744; x_wconf 84' lang='lat' dir='ltr'>post</span> <span class='ocrx_word' id='word_1_13' title='bbox 887 672 1140 725; x_wconf 86' lang='lat' dir='ltr'>mortem</span> <span class='ocrx_word' id='word_1_14' title='bbox 1197 658 1273 724; x_wconf 84' lang='lat' dir='ltr'>ad</span> <span class='ocrx_word' id='word_1_15' title='bbox 1319 656 1619 742; x_wconf 87' lang='lat' dir='ltr'>legitimos</span> <span class='ocrx_word' id='word_1_16' title='bbox 1670 658 1915 724; x_wconf 85' lang='lat' dir='ltr'>heredes</span> <span class='ocrx_word' id='word_1_17' title='bbox 1965 660 2307 741; x_wconf 86' lang='lat' dir='ltr'>pervenisse</span> <span class='ocrx_word' id='word_1_18' title='bbox 2320 707 2346 743; x_wconf 91' lang='lat'>,</span> <span class='ocrx_word' id='word_1_19' title='bbox 2400 681 2579 775; x_wconf 75' lang='lat' dir='ltr'>quam</span> 
     </span>
     <span class='ocr_line' id='line_1_4' title="bbox 696 770 2590 870; baseline 0.001 -18"><span class='ocrx_word' id='word_1_20' title='bbox 696 784 1041 870; x_wconf 85' lang='lat' dir='ltr'><strong>opinionem</strong></span> <span class='ocrx_word' id='word_1_21' title='bbox 1107 770 1280 850; x_wconf 84' lang='lat' dir='ltr'>etiam</span> <span class='ocrx_word' id='word_1_22' title='bbox 1348 796 1554 851; x_wconf 85' lang='lat' dir='ltr'>tuetur</span> <span class='ocrx_word' id='word_1_23' title='bbox 1600 784 1786 850; x_wconf 88' lang='lat' dir='ltr'>Doct.</span> <span class='ocrx_word' id='word_1_24' title='bbox 1863 802 2048 851; x_wconf 80' lang='lat' dir='ltr'>Gon..</span> <span class='ocrx_word' id='word_1_25' title='bbox 2133 805 2482 854; x_wconf 67' lang='lat' dir='ltr'>Racnmcs</span> <span class='ocrx_word' id='word_1_26' title='bbox 2527 790 2590 853; x_wconf 86' lang='lat' dir='ltr'>in</span> 
     </span>
     <span class='ocr_line' id='line_1_5' title="bbox 692 910 2590 994; baseline -0.001 -14"><span class='ocrx_word' id='word_1_27' title='bbox 692 912 866 980; x_wconf 83' lang='lat' dir='ltr'>Diss.</span> <span class='ocrx_word' id='word_1_28' title='bbox 901 912 977 978; x_wconf 89' lang='lat' dir='ltr'>de</span> <span class='ocrx_word' id='word_1_29' title='bbox 1013 910 1396 980; x_wconf 78' lang='lat' dir='ltr'>successione</span> <span class='ocrx_word' id='word_1_30' title='bbox 1427 910 1505 977; x_wconf 89' lang='lat' dir='ltr'>ab</span> <span class='ocrx_word' id='word_1_31' title='bbox 1536 911 1819 977; x_wconf 84' lang='lat' dir='ltr'>intestato</span> <span class='ocrx_word' id='word_1_32' title='bbox 1832 957 1857 991; x_wconf 88' lang='lat'>‚</span> <span class='ocrx_word' id='word_1_33' title='bbox 1922 911 2193 992; x_wconf 87' lang='lat' dir='ltr'>quamvis</span> <span class='ocrx_word' id='word_1_34' title='bbox 2228 916 2342 994; x_wconf 75' lang='lat'>(93-</span> <span class='ocrx_word' id='word_1_35' title='bbox 2375 914 2590 979; x_wconf 85' lang='lat' dir='ltr'>dolen·</span> 
     </span>
     <span class='ocr_line' id='line_1_6' title="bbox 692 1007 2581 1122; baseline -0.001 -16"><span class='ocrx_word' id='word_1_36' title='bbox 692 1038 838 1106; x_wconf 84' lang='lat' dir='ltr'>dum</span> <span class='ocrx_word' id='word_1_37' title='bbox 897 1037 979 1106; x_wconf 87' lang='lat' dir='ltr'>sit</span> <span class='ocrx_word' id='word_1_38' title='bbox 997 1084 1023 1120; x_wconf 91' lang='lat'>,</span> <span class='ocrx_word' id='word_1_39' title='bbox 1087 1007 1286 1106; x_wconf 38' lang='lat' dir='ltr'>&#39;vuum</span> <span class='ocrx_word' id='word_1_40' title='bbox 1340 1037 1585 1104; x_wconf 87' lang='lat' dir='ltr'>doctum</span> <span class='ocrx_word' id='word_1_41' title='bbox 1641 1037 1703 1102; x_wconf 91' lang='lat' dir='ltr'>in</span> <span class='ocrx_word' id='word_1_42' title='bbox 1731 1037 2145 1121; x_wconf 82' lang='lat' dir='ltr'>promittendis</span> <span class='ocrx_word' id='word_1_43' title='bbox 2175 1057 2293 1122; x_wconf 88' lang='lat' dir='ltr'>pro</span> <span class='ocrx_word' id='word_1_44' title='bbox 2342 1053 2581 1105; x_wconf 88' lang='lat' dir='ltr'>senten-</span> 
     </span>
     <span class='ocr_line' id='line_1_7' title="bbox 691 1153 2587 1248; baseline 0 -18"><span class='ocrx_word' id='word_1_45' title='bbox 691 1164 776 1230; x_wconf 87' lang='lat' dir='ltr'>tia</span> <span class='ocrx_word' id='word_1_46' title='bbox 825 1163 1190 1248; x_wconf 81' lang='lat' dir='ltr'>argumentis</span> <span class='ocrx_word' id='word_1_47' title='bbox 1257 1163 1619 1232; x_wconf 86' lang='lat' dir='ltr'>substitisse.</span> <span class='ocrx_word' id='word_1_48' title='bbox 1700 1153 2042 1230; x_wconf 80' lang='lat' dir='ltr'>Rationem&#39;</span> <span class='ocrx_word' id='word_1_49' title='bbox 2077 1163 2139 1228; x_wconf 92' lang='lat' dir='ltr'>in</span> <span class='ocrx_word' id='word_1_50' title='bbox 2182 1183 2258 1231; x_wconf 92' lang='lat' dir='ltr'>eo</span> <span class='ocrx_word' id='word_1_51' title='bbox 2327 1165 2587 1247; x_wconf 82' lang='lat' dir='ltr'>positam</span> 
     </span>
     <span class='ocr_line' id='line_1_8' title="bbox 697 1288 2590 1376; baseline -0.001 -19"><span class='ocrx_word' id='word_1_52' title='bbox 697 1288 892 1359; x_wconf 77' lang='lat' dir='ltr'>fuisse</span> <span class='ocrx_word' id='word_1_53' title='bbox 918 1290 1220 1376; x_wconf 77' lang='lat' dir='ltr'>conjicio,</span> <span class='ocrx_word' id='word_1_54' title='bbox 1270 1290 1438 1372; x_wconf 88' lang='lat' dir='ltr'>quod</span> <span class='ocrx_word' id='word_1_55' title='bbox 1474 1288 1725 1368; x_wconf 87' lang='lat' dir='ltr'>amissa,</span> <span class='ocrx_word' id='word_1_56' title='bbox 1755 1288 1970 1372; x_wconf 83' lang='lat' dir='ltr'>capitis</span> <span class='ocrx_word' id='word_1_57' title='bbox 2011 1289 2379 1370; x_wconf 88' lang='lat' dir='ltr'>minutione,</span> <span class='ocrx_word' id='word_1_58' title='bbox 2420 1288 2590 1356; x_wconf 82' lang='lat' dir='ltr'>fami-</span> 
     </span>
     <span class='ocr_line' id='line_1_9' title="bbox 691 1414 2589 1499; baseline 0.001 -18"><span class='ocrx_word' id='word_1_59' title='bbox 691 1414 774 1481; x_wconf 82' lang='lat' dir='ltr'>lia</span> <span class='ocrx_word' id='word_1_60' title='bbox 791 1461 820 1496; x_wconf 87' lang='lat'>‚</span> <span class='ocrx_word' id='word_1_61' title='bbox 868 1431 999 1482; x_wconf 90' lang='lat' dir='ltr'>tum</span> <span class='ocrx_word' id='word_1_62' title='bbox 1051 1415 1361 1498; x_wconf 85' lang='lat' dir='ltr'>aequitatis</span> <span class='ocrx_word' id='word_1_63' title='bbox 1418 1414 1604 1499; x_wconf 85' lang='lat' dir='ltr'>gratia</span> <span class='ocrx_word' id='word_1_64' title='bbox 1622 1462 1647 1496; x_wconf 87' lang='lat'>‚</span> <span class='ocrx_word' id='word_1_65' title='bbox 1697 1434 1835 1481; x_wconf 91' lang='lat' dir='ltr'>cum</span> <span class='ocrx_word' id='word_1_66' title='bbox 1874 1414 2129 1481; x_wconf 87' lang='lat' dir='ltr'>civitatis</span> <span class='ocrx_word' id='word_1_67' title='bbox 2179 1414 2385 1483; x_wconf 85' lang='lat' dir='ltr'>favore</span> <span class='ocrx_word' id='word_1_68' title='bbox 2421 1418 2589 1482; x_wconf 84' lang='lat' dir='ltr'>here-</span> 
     </span>
     <span class='ocr_line' id='line_1_10' title="bbox 696 1539 2579 1625; baseline 0.002 -18"><span class='ocrx_word' id='word_1_69' title='bbox 696 1539 937 1607; x_wconf 73' lang='lat' dir='ltr'>ffitatem</span> <span class='ocrx_word' id='word_1_70' title='bbox 982 1541 1203 1608; x_wconf 81' lang='lat' dir='ltr'>exsulis</span> <span class='ocrx_word' id='word_1_71' title='bbox 1250 1541 1635 1609; x_wconf 73' lang='lat' dir='ltr'>nihtlominus</span> <span class='ocrx_word' id='word_1_72' title='bbox 1668 1554 1915 1625; x_wconf 87' lang='lat' dir='ltr'>propter</span> <span class='ocrx_word' id='word_1_73' title='bbox 1959 1543 2225 1608; x_wconf 86' lang='lat' dir='ltr'>naturale</span> <span class='ocrx_word' id='word_1_74' title='bbox 2275 1543 2579 1625; x_wconf 85' lang='lat' dir='ltr'>sanguinis</span> 
     </span>
     <span class='ocr_line' id='line_1_11' title="bbox 696 1666 2578 1780; baseline -0.001 -45"><span class='ocrx_word' id='word_1_75' title='bbox 696 1666 1003 1735; x_wconf 83' lang='lat' dir='ltr'>vinculum</span> <span class='ocrx_word' id='word_1_76' title='bbox 1033 1667 1111 1735; x_wconf 91' lang='lat' dir='ltr'>ad</span> <span class='ocrx_word' id='word_1_77' title='bbox 1132 1687 1279 1736; x_wconf 87' lang='lat' dir='ltr'>suos</span> <span class='ocrx_word' id='word_1_78' title='bbox 1301 1667 1549 1733; x_wconf 85' lang='lat' dir='ltr'>heredes</span> <span class='ocrx_word' id='word_1_79' title='bbox 1564 1667 1869 1750; x_wconf 89' lang='lat' dir='ltr'>pervenire</span> <span class='ocrx_word' id='word_1_80' title='bbox 1895 1666 2169 1749; x_wconf 89' lang='lat' dir='ltr'>potuisse</span> <span class='ocrx_word' id='word_1_81' title='bbox 2186 1669 2534 1780; x_wconf 80' lang='lat' dir='ltr'>crediderint</span> <span class='ocrx_word' id='word_1_82' title='bbox 2549 1715 2578 1750; x_wconf 87' lang='lat'>‚</span> 
     </span>
     <span class='ocr_line' id='line_1_12' title="bbox 695 1792 2580 1877; baseline 0.001 -17"><span class='ocrx_word' id='word_1_83' title='bbox 695 1793 825 1877; x_wconf 81' lang='lat' dir='ltr'>pari</span> <span class='ocrx_word' id='word_1_84' title='bbox 855 1794 1040 1862; x_wconf 88' lang='lat' dir='ltr'>modo</span> <span class='ocrx_word' id='word_1_85' title='bbox 1057 1840 1085 1877; x_wconf 90' lang='lat'><strong>‚</strong></span> <span class='ocrx_word' id='word_1_86' title='bbox 1135 1814 1279 1876; x_wconf 89' lang='lat' dir='ltr'>quo</span> <span class='ocrx_word' id='word_1_87' title='bbox 1306 1793 1459 1859; x_wconf 90' lang='lat' dir='ltr'>inter</span> <span class='ocrx_word' id='word_1_88' title='bbox 1493 1793 1788 1876; x_wconf 87' lang='lat' dir='ltr'>deportati</span> <span class='ocrx_word' id='word_1_89' title='bbox 1825 1792 2044 1860; x_wconf 80' lang='lat' dir='ltr'>liberos</span> <span class='ocrx_word' id='word_1_90' title='bbox 2064 1840 2089 1874; x_wconf 87' lang='lat'>‚</span> <span class='ocrx_word' id='word_1_91' title='bbox 2143 1812 2301 1876; x_wconf 88' lang='lat' dir='ltr'>quos</span> <span class='ocrx_word' id='word_1_92' title='bbox 2341 1808 2480 1860; x_wconf 89' lang='lat' dir='ltr'>ante</span> <span class='ocrx_word' id='word_1_93' title='bbox 2517 1807 2580 1861; x_wconf 95' lang='lat' dir='ltr'>et</span> 
     </span>
     <span class='ocr_line' id='line_1_13' title="bbox 697 1903 2582 2003; baseline 0.002 -18"><span class='ocrx_word' id='word_1_94' title='bbox 697 1931 844 2003; x_wconf 85' lang='lat' dir='ltr'>post</span> <span class='ocrx_word' id='word_1_95' title='bbox 889 1919 1270 1986; x_wconf 79' lang='lat' dir='ltr'>calamitatem</span> <span class='ocrx_word' id='word_1_96' title='bbox 1326 1903 1592 2000; x_wconf 78' lang='lat' dir='ltr'>suscepit</span> <span class='ocrx_word' id='word_1_97' title='bbox 1610 1962 1637 2000; x_wconf 87' lang='lat'>,</span> <span class='ocrx_word' id='word_1_98' title='bbox 1694 1917 1941 1985; x_wconf 83' lang='lat' dir='ltr'>caeteris</span> <span class='ocrx_word' id='word_1_99' title='bbox 1985 1919 2304 1986; x_wconf 89' lang='lat' dir='ltr'>omnibus</span> <span class='ocrx_word' id='word_1_100' title='bbox 2339 1919 2533 2003; x_wconf 82' lang='lat' dir='ltr'>ruptis</span> <span class='ocrx_word' id='word_1_101' title='bbox 2553 1967 2582 2002; x_wconf 87' lang='lat'>‚</span> 
     </span>
     <span class='ocr_line' id='line_1_14' title="bbox 697 2041 2582 2129; baseline 0.001 -18"><span class='ocrx_word' id='word_1_102' title='bbox 697 2056 961 2111; x_wconf 84' lang='lat' dir='ltr'>remanet</span> <span class='ocrx_word' id='word_1_103' title='bbox 1066 2041 1551 2126; x_wconf 78' lang='lat' dir='ltr'>consanguinitas</span> <span class='ocrx_word' id='word_1_104' title='bbox 1568 2089 1597 2125; x_wconf 85' lang='lat'>‚</span> <span class='ocrx_word' id='word_1_105' title='bbox 1700 2059 1772 2110; x_wconf 92' lang='lat' dir='ltr'>ut</span> <span class='ocrx_word' id='word_1_106' title='bbox 1861 2044 2074 2112; x_wconf 88' lang='lat' dir='ltr'>scribit</span> <span class='ocrx_word' id='word_1_107' title='bbox 2155 2045 2582 2129; x_wconf 81' lang='lat' dir='ltr'>Hermogenia-</span> 
     </span>
     <span class='ocr_line' id='line_1_15' title="bbox 696 2167 2583 2254; baseline 0.002 -19"><span class='ocrx_word' id='word_1_108' title='bbox 696 2187 818 2240; x_wconf 85' lang='lat' dir='ltr'>nus</span> <span class='ocrx_word' id='word_1_109' title='bbox 860 2169 1038 2254; x_wconf 72' lang='lat' dir='ltr'>(to).</span> <span class='ocrx_word' id='word_1_110' title='bbox 1123 2167 1274 2234; x_wconf 89' lang='lat' dir='ltr'>Non</span> <span class='ocrx_word' id='word_1_111' title='bbox 1337 2181 1535 2236; x_wconf 88' lang='lat' dir='ltr'>tamen</span> <span class='ocrx_word' id='word_1_112' title='bbox 1599 2182 1915 2253; x_wconf 86' lang='lat' dir='ltr'>propterea</span> <span class='ocrx_word' id='word_1_113' title='bbox 1963 2170 2207 2239; x_wconf 82' lang='lat' dir='ltr'>Civium</span> <span class='ocrx_word' id='word_1_114' title='bbox 2268 2171 2583 2239; x_wconf 84' lang='lat' dir='ltr'>Romano·</span> 
     </span>
     <span class='ocr_line' id='line_1_16' title="bbox 696 2295 2583 2382; baseline 0.002 -19"><span class='ocrx_word' id='word_1_115' title='bbox 696 2314 831 2363; x_wconf 86' lang='lat' dir='ltr'>rum</span> <span class='ocrx_word' id='word_1_116' title='bbox 876 2308 1233 2362; x_wconf 87' lang='lat' dir='ltr'>testamento</span> <span class='ocrx_word' id='word_1_117' title='bbox 1290 2296 1390 2363; x_wconf 86' lang='lat' dir='ltr'>vel</span> <span class='ocrx_word' id='word_1_118' title='bbox 1433 2295 1755 2363; x_wconf 76' lang='lat' dir='ltr'>hereditate</span> <span class='ocrx_word' id='word_1_119' title='bbox 1805 2295 2130 2379; x_wconf 87' lang='lat' dir='ltr'>quidquam</span> <span class='ocrx_word' id='word_1_120' title='bbox 2181 2298 2258 2365; x_wconf 90' lang='lat' dir='ltr'>ab</span> <span class='ocrx_word' id='word_1_121' title='bbox 2300 2317 2456 2382; x_wconf 87' lang='lat' dir='ltr'>aqua</span> <span class='ocrx_word' id='word_1_122' title='bbox 2518 2314 2583 2367; x_wconf 88' lang='lat' dir='ltr'>et</span> 
     </span>
     <span class='ocr_line' id='line_1_17' title="bbox 698 2418 2581 2510; baseline 0.004 -24"><span class='ocrx_word' id='word_1_123' title='bbox 698 2420 824 2505; x_wconf 83' lang='lat' dir='ltr'>igni</span> <span class='ocrx_word' id='word_1_124' title='bbox 861 2418 1174 2487; x_wconf 83' lang='lat' dir='ltr'>interdicto</span> <span class='ocrx_word' id='word_1_125' title='bbox 1222 2420 1357 2504; x_wconf 77' lang='lat' dir='ltr'>capi</span> <span class='ocrx_word' id='word_1_126' title='bbox 1401 2419 1679 2504; x_wconf 88' lang='lat' dir='ltr'>potuisse</span> <span class='ocrx_word' id='word_1_127' title='bbox 1697 2469 1726 2504; x_wconf 87' lang='lat'>‚</span> <span class='ocrx_word' id='word_1_128' title='bbox 1757 2422 2139 2491; x_wconf 81' lang='lat' dir='ltr'>dicendum:</span> <span class='ocrx_word' id='word_1_129' title='bbox 2210 2426 2437 2510; x_wconf 87' lang='lat' dir='ltr'>quippe</span> <span class='ocrx_word' id='word_1_130' title='bbox 2483 2441 2581 2493; x_wconf 88' lang='lat' dir='ltr'>to-</span> 
     </span>
     <span class='ocr_line' id='line_1_18' title="bbox 701 2544 2576 2635; baseline 0.005 -24"><span class='ocrx_word' id='word_1_131' title='bbox 701 2545 882 2612; x_wconf 88' lang='lat' dir='ltr'>tidem</span> <span class='ocrx_word' id='word_1_132' title='bbox 925 2544 1126 2613; x_wconf 83' lang='lat' dir='ltr'>verbis</span> <span class='ocrx_word' id='word_1_133' title='bbox 1176 2558 1355 2630; x_wconf 83' lang='lat' dir='ltr'>negat</span> <span class='ocrx_word' id='word_1_134' title='bbox 1419 2546 1578 2631; x_wconf 89' lang='lat' dir='ltr'>Imp.</span> <span class='ocrx_word' id='word_1_135' title='bbox 1641 2566 2035 2617; x_wconf 57' lang='lat' dir='ltr'>amrmemus</span> <span class='ocrx_word' id='word_1_136' title='bbox 2080 2552 2286 2635; x_wconf 88' lang='lat'>(11),</span> <span class='ocrx_word' id='word_1_137' title='bbox 2333 2555 2576 2635; x_wconf 89' lang='lat' dir='ltr'>quando</span> 
     </span>
     <span class='ocr_line' id='line_1_19' title="bbox 696 2647 2572 2761; baseline 0.006 -25"><span class='ocrx_word' id='word_1_138' title='bbox 696 2668 971 2737; x_wconf 72' lang='lat' dir='ltr'>rescribit</span> <span class='ocrx_word' id='word_1_139' title='bbox 994 2718 1023 2754; x_wconf 89' lang='lat'><strong>,</strong></span> <span class='ocrx_word' id='word_1_140' title='bbox 1055 2673 1401 2755; x_wconf 76' lang='lat' dir='ltr'>deportatos</span> <span class='ocrx_word' id='word_1_141' title='bbox 1421 2717 1449 2754; x_wconf 91' lang='lat'><strong>‚</strong></span> <span class='ocrx_word' id='word_1_142' title='bbox 1489 2670 1547 2740; x_wconf 75' lang='lat' dir='ltr'>si</span> <span class='ocrx_word' id='word_1_143' title='bbox 1578 2673 1827 2741; x_wconf 74' lang='lat' dir='ltr'>heredes</span> <span class='ocrx_word' id='word_1_144' title='bbox 1856 2647 2237 2760; x_wconf 71' lang='lat' dir='ltr'>scribantur,&#39;</span> <span class='ocrx_word' id='word_1_145' title='bbox 2269 2691 2572 2761; x_wconf 76' lang='lat' dir='ltr'>tamquam</span> 
     </span>
     <span class='ocr_line' id='line_1_20' title="bbox 695 2797 2583 2890; baseline 0.005 -26"><span class='ocrx_word' id='word_1_146' title='bbox 695 2797 1053 2890; x_wconf 76' lang='lat' dir='ltr'>peregrinos</span> <span class='ocrx_word' id='word_1_147' title='bbox 1107 2816 1321 2882; x_wconf 85' lang='lat' dir='ltr'>capere</span> <span class='ocrx_word' id='word_1_148' title='bbox 1391 2816 1520 2865; x_wconf 89' lang='lat' dir='ltr'>non</span> <span class='ocrx_word' id='word_1_149' title='bbox 1592 2818 1806 2884; x_wconf 86' lang='lat' dir='ltr'>posse.</span> <span class='ocrx_word' id='word_1_150' title='bbox 1907 2802 2214 2877; x_wconf 81' lang='lat' dir='ltr'>Praeterea</span> <span class='ocrx_word' id='word_1_151' title='bbox 2278 2823 2406 2873; x_wconf 87' lang='lat' dir='ltr'>non</span> <span class='ocrx_word' id='word_1_152' title='bbox 2480 2804 2583 2873; x_wconf 86' lang='lat' dir='ltr'>hic</span> 
     </span>
     <span class='ocr_line' id='line_1_21' title="bbox 702 2922 2581 3013; baseline 0.007 -23"><span class='ocrx_word' id='word_1_153' title='bbox 702 2922 982 2992; x_wconf 85' lang='lat' dir='ltr'>subsistit</span> <span class='ocrx_word' id='word_1_154' title='bbox 1011 2924 1150 3010; x_wconf 85' lang='lat' dir='ltr'>illa,</span> <span class='ocrx_word' id='word_1_155' title='bbox 1182 2945 1361 3008; x_wconf 85' lang='lat' dir='ltr'>quam</span> <span class='ocrx_word' id='word_1_156' title='bbox 1395 2944 1579 3011; x_wconf 84' lang='lat' dir='ltr'>supra</span> <span class='ocrx_word' id='word_1_157' title='bbox 1614 2928 1871 3012; x_wconf 80' lang='lat' dir='ltr'>exposui</span> <span class='ocrx_word' id='word_1_158' title='bbox 1886 2976 1912 3012; x_wconf 90' lang='lat'>,</span> <span class='ocrx_word' id='word_1_159' title='bbox 1945 2930 2256 3013; x_wconf 85' lang='lat' dir='ltr'>aequitatis</span> <span class='ocrx_word' id='word_1_160' title='bbox 2299 2933 2454 3002; x_wconf 84' lang='lat' dir='ltr'>ratio</span> <span class='ocrx_word' id='word_1_161' title='bbox 2479 2953 2581 3002; x_wconf 85' lang='lat' dir='ltr'>ex·</span> 
     </span>
     <span class='ocr_line' id='line_1_22' title="bbox 700 3050 2576 3144; baseline 0.005 -26"><span class='ocrx_word' id='word_1_162' title='bbox 700 3051 936 3120; x_wconf 89' lang='lat' dir='ltr'>sulibus</span> <span class='ocrx_word' id='word_1_163' title='bbox 964 3052 1172 3122; x_wconf 85' lang='lat' dir='ltr'>favens</span> <span class='ocrx_word' id='word_1_164' title='bbox 1187 3101 1213 3137; x_wconf 90' lang='lat'>,</span> <span class='ocrx_word' id='word_1_165' title='bbox 1261 3055 1371 3121; x_wconf 89' lang='lat' dir='ltr'>sed</span> <span class='ocrx_word' id='word_1_166' title='bbox 1410 3074 1446 3121; x_wconf 88' lang='lat' dir='ltr'>e</span> <span class='ocrx_word' id='word_1_167' title='bbox 1477 3055 1781 3123; x_wconf 85' lang='lat' dir='ltr'>contrario</span> <span class='ocrx_word' id='word_1_168' title='bbox 1827 3057 1974 3124; x_wconf 83' lang='lat' dir='ltr'>haec</span> <span class='ocrx_word' id='word_1_169' title='bbox 2023 3059 2270 3126; x_wconf 77' lang='lat' dir='ltr'>suadere</span> <span class='ocrx_word' id='word_1_170' title='bbox 2298 3050 2576 3144; x_wconf 75' lang='lat' dir='ltr'>videtur,</span> 
     </span>
     <span class='ocr_line' id='line_1_23' title="bbox 698 3181 2585 3268; baseline 0.005 -24"><span class='ocrx_word' id='word_1_171' title='bbox 698 3191 779 3245; x_wconf 85' lang='lat' dir='ltr'>ne</span> <span class='ocrx_word' id='word_1_172' title='bbox 823 3181 908 3248; x_wconf 92' lang='lat' dir='ltr'>sit</span> <span class='ocrx_word' id='word_1_173' title='bbox 953 3183 1128 3251; x_wconf 89' lang='lat' dir='ltr'>heres</span> <span class='ocrx_word' id='word_1_174' title='bbox 1181 3182 1280 3251; x_wconf 87' lang='lat' dir='ltr'>ille</span> <span class='ocrx_word' id='word_1_175' title='bbox 1301 3230 1330 3266; x_wconf 85' lang='lat'>‚</span> <span class='ocrx_word' id='word_1_176' title='bbox 1370 3182 1479 3267; x_wconf 86' lang='lat' dir='ltr'>qui</span> <span class='ocrx_word' id='word_1_177' title='bbox 1521 3183 1815 3253; x_wconf 83' lang='lat' dir='ltr'>civitatem</span> <span class='ocrx_word' id='word_1_178' title='bbox 1855 3185 2155 3268; x_wconf 83' lang='lat' dir='ltr'>deponere</span> <span class='ocrx_word' id='word_1_179' title='bbox 2194 3200 2444 3254; x_wconf 85' lang='lat' dir='ltr'>coactus</span> <span class='ocrx_word' id='word_1_180' title='bbox 2489 3200 2585 3255; x_wconf 88' lang='lat' dir='ltr'>est</span> 
     </span>
     <span class='ocr_line' id='line_1_24' title="bbox 696 3287 2581 3397; baseline 0.003 -21"><span class='ocrx_word' id='word_1_181' title='bbox 696 3308 1059 3394; x_wconf 84' lang='lat' dir='ltr'>praejudicio</span> <span class='ocrx_word' id='word_1_182' title='bbox 1098 3309 1350 3379; x_wconf 89' lang='lat' dir='ltr'>aliorum</span> <span class='ocrx_word' id='word_1_183' title='bbox 1368 3356 1396 3395; x_wconf 90' lang='lat'>,</span> <span class='ocrx_word' id='word_1_184' title='bbox 1426 3310 1537 3393; x_wconf 90' lang='lat' dir='ltr'>qui</span> <span class='ocrx_word' id='word_1_185' title='bbox 1569 3310 1635 3378; x_wconf 90' lang='lat' dir='ltr'>in</span> <span class='ocrx_word' id='word_1_186' title='bbox 1682 3309 1917 3380; x_wconf 87' lang='lat' dir='ltr'>civitate</span> <span class='ocrx_word' id='word_1_187' title='bbox 1947 3327 2294 3381; x_wconf 87' lang='lat' dir='ltr'>manserunt</span> <span class='ocrx_word' id='word_1_188' title='bbox 2310 3359 2335 3396; x_wconf 86' lang='lat'>‚</span> <span class='ocrx_word' id='word_1_189' title='bbox 2381 3287 2581 3397; x_wconf 74' lang='lat' dir='ltr'>neque</span> 
     </span>
    </p>

    <p class='ocr_par' dir='ltr' id='par_1_3' title="bbox 2493 3457 2588 3506">
     <span class='ocr_line' id='line_1_25' title="bbox 2493 3457 2588 3506; baseline 0 -13"><span class='ocrx_word' id='word_1_190' title='bbox 2493 3457 2588 3506; x_wconf 75' lang='lat' dir='ltr'>m·</span> 
     </span>
    </p>
   </div>
   <div class='ocr_carea' id='block_1_3' title="bbox 695 3576 2575 3892">
    <p class='ocr_par' dir='ltr' id='par_1_4' title="bbox 695 3576 2575 3731">
     <span class='ocr_line' id='line_1_26' title="bbox 695 3576 2575 3648; baseline -0.003 -5"><span class='ocrx_word' id='word_1_191' title='bbox 695 3582 719 3613; x_wconf 83' lang='lat'>¹·</span> <span class='ocrx_word' id='word_1_192' title='bbox 801 3576 915 3644; x_wconf 84' lang='lat'>(9)</span> <span class='ocrx_word' id='word_1_193' title='bbox 955 3583 1258 3634; x_wconf 64' lang='lat' dir='ltr'>nannenus</span> <span class='ocrx_word' id='word_1_194' title='bbox 1301 3582 1458 3635; x_wconf 75' lang='lat' dir='ltr'>mss.</span> <span class='ocrx_word' id='word_1_195' title='bbox 1500 3582 1566 3632; x_wconf 69' lang='lat' dir='ltr'>le</span> <span class='ocrx_word' id='word_1_196' title='bbox 1613 3584 1853 3634; x_wconf 71' lang='lat' dir='ltr'>success.</span> <span class='ocrx_word' id='word_1_197' title='bbox 1903 3582 1971 3634; x_wconf 79' lang='lat' dir='ltr'>ab</span> <span class='ocrx_word' id='word_1_198' title='bbox 2015 3584 2216 3637; x_wconf 72' lang='lat' dir='ltr'>Intest-</span> <span class='ocrx_word' id='word_1_199' title='bbox 2262 3594 2310 3648; x_wconf 74' lang='lat' dir='ltr'>s.</span> <span class='ocrx_word' id='word_1_200' title='bbox 2360 3583 2469 3637; x_wconf 69' lang='lat' dir='ltr'>16J</span> <span class='ocrx_word' id='word_1_201' title='bbox 2502 3583 2575 3636; x_wconf 74' lang='lat' dir='ltr'>N.</span> 
     </span>
     <span class='ocr_line' id='line_1_27' title="bbox 710 3659 2256 3731; baseline 0.008 -22"><span class='ocrx_word' id='word_1_202' title='bbox 710 3659 815 3713; x_wconf 82' lang='lat'>111.</span> <span class='ocrx_word' id='word_1_203' title='bbox 864 3664 919 3712; x_wconf 71' lang='lat' dir='ltr'>in</span> <span class='ocrx_word' id='word_1_204' title='bbox 965 3665 1222 3725; x_wconf 54' lang='lat' dir='ltr'>nexant.</span> <span class='ocrx_word' id='word_1_205' title='bbox 1261 3675 1599 3716; x_wconf 60' lang='lat' dir='ltr'>uzu-uam·-</span> <span class='ocrx_word' id='word_1_206' title='bbox 1643 3662 1792 3717; x_wconf 77' lang='lat' dir='ltr'>Tam.</span> <span class='ocrx_word' id='word_1_207' title='bbox 1838 3663 1944 3719; x_wconf 86' lang='lat' dir='ltr'>m.</span> <span class='ocrx_word' id='word_1_208' title='bbox 1988 3676 2119 3731; x_wconf 66' lang='lat' dir='ltr'>pag.</span> <span class='ocrx_word' id='word_1_209' title='bbox 2167 3680 2256 3730; x_wconf 79' lang='lat'>¹²4</span> 
     </span>
    </p>

    <p class='ocr_par' dir='ltr' id='par_1_5' title="bbox 805 3742 1931 3812">
     <span class='ocr_line' id='line_1_28' title="bbox 805 3742 1931 3812; baseline 0.007 -20"><span class='ocrx_word' id='word_1_210' title='bbox 805 3742 954 3805; x_wconf 77' lang='grc' dir='ltr'>(ιο)</span> <span class='ocrx_word' id='word_1_211' title='bbox 996 3743 1124 3796; x_wconf 81' lang='lat' dir='ltr'>Vid.</span> <span class='ocrx_word' id='word_1_212' title='bbox 1157 3746 1229 3801; x_wconf 87' lang='lat' dir='ltr'>L.</span> <span class='ocrx_word' id='word_1_213' title='bbox 1273 3748 1333 3801; x_wconf 84' lang='lat'>6.</span> <span class='ocrx_word' id='word_1_214' title='bbox 1374 3745 1440 3808; x_wconf 80' lang='lat' dir='ltr'>ff.</span> <span class='ocrx_word' id='word_1_215' title='bbox 1485 3748 1619 3798; x_wconf 70' lang='lat' dir='ltr'>unde</span> <span class='ocrx_word' id='word_1_216' title='bbox 1660 3748 1931 3812; x_wconf 66' lang='lat' dir='ltr'>Lag-itini.</span> 
     </span>
    </p>

    <p class='ocr_par' dir='ltr' id='par_1_6' title="bbox 794 3822 2115 3892">
     <span class='ocr_line' id='line_1_29' title="bbox 794 3822 2115 3892; baseline 0.008 -16"><span class='ocrx_word' id='word_1_217' title='bbox 794 3826 836 3889; x_wconf 82' lang='grc'>·(</span> <span class='ocrx_word' id='word_1_218' title='bbox 856 3835 908 3877; x_wconf 83' lang='lat'>11</span> <span class='ocrx_word' id='word_1_219' title='bbox 931 3824 964 3889; x_wconf 88' lang='grc'>)</span> <span class='ocrx_word' id='word_1_220' title='bbox 1006 3822 1131 3878; x_wconf 69' lang='lat' dir='ltr'>vm.</span> <span class='ocrx_word' id='word_1_221' title='bbox 1179 3827 1250 3882; x_wconf 80' lang='grc' dir='ltr'>Ι..</span> <span class='ocrx_word' id='word_1_222' title='bbox 1298 3828 1522 3892; x_wconf 71' lang='lat' dir='ltr'>1,;,coa.</span> <span class='ocrx_word' id='word_1_223' title='bbox 1570 3831 1636 3881; x_wconf 75' lang='lat' dir='ltr'>dc</span> <span class='ocrx_word' id='word_1_224' title='bbox 1681 3833 1858 3888; x_wconf 69' lang='lat' dir='ltr'>hercl.</span> <span class='ocrx_word' id='word_1_225' title='bbox 1900 3833 2115 3888; x_wconf 66' lang='lat' dir='ltr'>insutu.</span> 
     </span>
    </p>
   </div>
   <div class='ocr_carea' id='block_1_4' title="bbox 2976 446 2979 1177">
    <p class='ocr_par' dir='ltr' id='par_1_7' title="bbox 2976 446 2979 1177">
     <span class='ocr_line' id='line_1_30' title="bbox 2976 446 2979 1177; baseline 0 0"><span class='ocrx_word' id='word_1_226' title='bbox 2976 446 2979 1177; x_wconf 95' lang='lat' dir='ltr'> </span> 
     </span>
    </p>
   </div>
   <div class='ocr_carea' id='block_1_5' title="bbox 2975 3129 2980 3893">
    <p class='ocr_par' dir='ltr' id='par_1_8' title="bbox 2975 3129 2980 3893">
     <span class='ocr_line' id='line_1_31' title="bbox 2975 3129 2980 3893; baseline 0 0"><span class='ocrx_word' id='word_1_227' title='bbox 2975 3129 2980 3893; x_wconf 95' lang='lat' dir='ltr'> </span> 
     </span>
    </p>
   </div>
  </div>
 </body>
</html>
