3000 4917
696 418 848 493 ..116
1543 426 1782 460 ·······

725 632 862 683 rum
931 610 1074 678 hine
1135 608 1320 677 refert
1352 660 1359 671 .
1386 625 1465 676 an
1533 606 1761 674 nobilis
1813 606 2090 676 helvetici
2141 610 2243 676 vel
2298 608 2643 680 Germanici

727 737 878 808 civis
935 734 1295 805 conditione
1346 751 1498 804 usus
1565 733 1647 802 sit
1669 749 1846 802 ante.
1879 736 2384 821 proscriptionem
2405 785 2431 821 ,
2494 759 2640 809 cum

731 883 812 933 ne
875 862 1078 933 servin
1145 861 1387 946 quidem
1454 875 1619 930 statu
1633 908 1659 944 ,
1728 862 1847 929 nisi
1896 883 1971 930 ex
2011 864 2383 950 benignitate
2419 866 2648 934 Princi-

692 1060 697 1073 ,
728 991 829 1076 pis
865 990 931 1058 in
972 990 1230 1075 Imperio
1273 987 1636 1058 Germanico
1681 988 1863 1057 vitam
1896 990 2111 1074 degere
2141 990 2198 1057 ei
2224 990 2404 1059 liceat
2424 1039 2448 1075 ‚
2489 996 2634 1076 sed,

723 1133 1031 1203 quatenus
1061 1117 1383 1203 porrigunt
1414 1116 1603 1202 hujus
1649 1115 1803 1184 fines
1817 1162 1841 1198 ‚
1892 1117 2068 1200 plane
2103 1117 2181 1184 de
2224 1118 2422 1186 medio
2455 1118 2643 1188 habea

730 1258 834 1313 tnr
884 1243 1188 1314 sublatus.
1268 1243 1497 1312 Errant
1548 1241 1734 1327 igitur
1784 1241 1869 1308 illi
1922 1241 2029 1324 qui
2069 1242 2225 1328 iuris
2278 1244 2473 1312 civilis
2518 1247 2642 1330 pri·

731 1373 1029 1442 vationem
1078 1344 1341 1439 mortetn
1371 1371 1575 1436 dicant
1603 1368 1833 1436 civile-
1853 1415 1878 1450 ‚
1928 1388 2070 1436 cum
2090 1389 2160 1436 ea
2193 1371 2375 1456 huius
2407 1385 2640 1441 tantum

732 1518 875 1584 pars
931 1500 1030 1568 vel
1077 1500 1324 1580 sequela
1361 1497 1478 1564 dici
1512 1497 1735 1582 possit.
1819 1496 2039 1563 Videre
2072 1497 2257 1582 igitur
2303 1512 2396 1565 est
2447 1518 2637 1582 quan-

731 1627 784 1697 ti
830 1627 916 1695 sit
967 1624 1258 1693 momenti
1305 1624 1452 1691 haec
1500 1623 1670 1708 pacis
1697 1623 1952 1709 privano
1969 1669 1994 1704 ‚
2057 1643 2212 1706 qnae
2247 1637 2442 1692 totum
2487 1643 2640 1694 con·

726 1754 930 1823 firmat
955 1753 1355 1836 ,institutum3
1409 1753 1618 1835 quales
1664 1766 1861 1820 autem
1910 1769 1978 1816 ac
2026 1751 2236 1834 quanti
2282 1772 2516 1820 errores
2564 1773 2639 1822 ex

662 1878 672 1890 '
723 1882 918 1969 ,huius
975 1881 1266 1967 negiectu.
1323 1879 1723 1963 profluxerint
1789 1879 1853 1943 in
1905 1891 2218 1960 posterum
2279 1878 2637 1948 videbimus.

716 2007 864 2076 Nec
915 2007 1037 2074 hoe
1072 2007 1213 2075 loco
1248 2004 1528 2073 monachi
1572 2007 1654 2072 ad
1688 2019 1885 2087 partes
1916 2020 2249 2088 vocentur,
2300 2008 2640 2092 qui-quam-

731 2134 829 2202 vis
885 2146 1090 2202 essent
1152 2130 1404 2199 civiliter
1452 2130 1682 2200 mortui
1732 2134 2049 2221 tranquilla
2092 2147 2290 2200 tamen
2329 2150 2392 2201 et
2442 2134 2637 2202 medio

735 2280 887 2329 aevo
933 2260 1144 2328 saltem
1196 2259 1358 2328 lauta
1406 2256 1563 2328 vitae
1615 2258 1958 2326 conditione
2021 2260 2384 2345 utebantur3
2435 2261 2643 2330 obser·

734 2389 1000 2458 vandum
1053 2385 1215 2461 enim
1271 2401 1530 2455 mortem
1580 2387 1811 2454 civilem
1834 2433 1859 2468 ‚
1901 2387 2078 2456 sicuti
2115 2409 2150 2455 e
2186 2386 2488 2460 forbanno
2525 2391 2646 2461 ori-

716 2515 941 2602 ,ginem
1010 2515 1176 2599 cepit
1191 2562 1218 2597 ,
1278 2529 1493 2599 postea
1543 2515 1783 2582 demum
1836 2516 2144 2583 monachis
2215 2517 2489 2602 coepisse
2537 2537 2644 2604 ap-

737 2639 992 2725 plicari,
1035 2658 1178 2707 cum
1227 2640 1503 2727 ingentes
1533 2641 1653 2726 jam
1685 2642 1832 2708 haee
1863 2643 2359 2728 iurisprudeutiae
2385 2663 2532 2726 pars
2541 2664 2652 2713 su·

587 2754 589 2763 ⁴
721 2765 954 2851 xbiisset
1011 2746 1398 2835 tnutationes.
1489 2767 1714 2835 Fusius
1775 2784 1947 2836 ettam
1999 2770 2117 2837 hoc
2168 2768 2532 2837 tractandum
2587 2772 2654 2839 in

740 2893 1063 2965 Gallorum
1093 2894 1368 2980 legibus,
1418 2894 1651 2978 ,quibus
1683 2911 1914 2966 tantum
1963 2896 2228 2984 religiosi
2275 2914 2529 2965 mortem
2569 2900 2652 2966 ci·

740 3023 922 3092 vilem
954 3023 1176 3093 subire
1224 3022 1534 3092 dicuntur.

833 3151 1055 3220 Restat
1088 3170 1278 3221 ‚nunc
1351 3168 1424 3221 ut
1499 3154 1781 3238 sequenti
1852 3153 2227 3240 paragrapho
2298 3151 2599 3220 videamus
2617 3198 2642 3231 ,

714 3326 731 3333 ·-
751 3278 977 3362 quibus
1019 3279 1217 3348 causis
1266 3278 1495 3349 factum
1544 3282 1664 3363 sit;
1725 3293 1795 3350 ut
1813 3326 1837 3362 ‚
1902 3281 2050 3348 dum
2103 3299 2203 3348 res
2252 3298 2290 3348 e
2341 3278 2652 3347 Germani·

716 3404 846 3487 teis
916 3405 1152 3489 iudiciIs
1220 3405 1558 3491 prodierit,
1636 3425 1859 3475 nomen
1918 3409 2095 3490 plane
2162 3407 2236 3477 iis
2314 3406 2499 3475 fuerit
2569 3406 2659 3472 in-

716 3531 1062 3616 :cognitum
1084 3580 1110 3616 ,
1150 3535 1329 3620 eujus
1361 3533 1449 3603 rei
1478 3552 1718 3602 .causae
1770 3506 1964 3601 variae
1992 3531 2190 3603 afferri
2225 3546 2511 3619 possunt.

2512 4048 2660 4130 §s-
