3000 4917
1240 381 1491 415 ......
2241 373 2322 459 ⁶³

413 561 768 632 Notandum
794 561 1082 628 tamenin
1114 557 1438 630 Frisonum
1474 562 1608 649 lege
1641 560 1865 632 nnllam
1903 563 2029 631 fieri
2067 560 2327 632 forban·

415 697 682 759 nitorum
749 673 901 773 (9)
962 689 1329 757 mentionem
1353 737 1376 772 ‚
1422 710 1492 758 ac
1552 690 1708 816 infer
1745 693 1885 761 illos
1924 692 2029 776 qui
2073 692 2322 776 impune

421 820 483 887 id
508 833 604 887 est
632 816 765 888 sine
795 818 1237 902 compositione
1280 818 1472 886 occidi
1506 836 1769 903 possunt
1796 839 1923 887 non
1948 818 2323 906 foi-judicatis

423 968 561 1017 esse
607 950 853 1031 locum3
906 949 1066 1017 unde
1118 947 1333 1016 merito
1377 948 1580 1032 colligi
1614 964 1874 1031 potest,
1904 949 2055 1016 illud
2084 948 2321 1017 institu-

418 1091 547 1143 tum
590 1074 666 1143 iis
695 1076 972 1161 ignotum
1004 1074 1237 1158 fuisse,
1277 1076 1549 1143 mandata
1584 1076 1832 1143 Druidis
1866 1049 2322 1161 iurisdictione,

421 1204 527 1283 qui
585 1218 785 1270 tamen
848 1202 1341 1271 excommunicati
1399 1202 1582 1271 vitam
1642 1221 1770 1269 non
1821 1203 2146 1285 unicuique
2193 1223 2329 1286 per·

429 1329 667 1398 misisse
709 1329 994 1397 videntur
1011 1376 1036 1411 ‚
1088 1332 1144 1398 si
1203 1331 1638 1398 contumeliose
1678 1329 1739 1397 e't
1790 1329 2009 1399 misere
2055 1328 2323 1412 viveret,

417 1458 712 1526 contenti.
804 1458 968 1525 Cum
1038 1458 1220 1543 igitur
1288 1459 1584 1527 Druidum
1640 1457 1961 1543 collegium
2010 1456 2326 1542 Religione

424 1585 772 1655 Christiana
813 1586 1124 1653 tolleretur
1148 1588 1416 1653 nondum
1455 1588 1699 1671 vigente
1732 1608 1841 1667 ea,
1878 1606 2032 1669 quae
2067 1603 2211 1671 post
2229 1606 2331 1653 ex·

423 1710 958 1780 comminicationis
989 1711 1229 1778 saevitia
1263 1710 1418 1792 fuit,
1448 1712 1624 1779 facile
1645 1713 1797 1778 ratio
1814 1714 2114 1780 invenitur
2133 1762 2157 1793 ‚
2180 1732 2328 1795 qua·

425 1861 491 1909 re
542 1839 607 1906 in
657 1840 970 1906 emendato
1030 1856 1280 1905 ennom
1315 1855 1541 1905 ninom
1582 1840 1787 1905 codice
1812 1841 1891 1905 sit
1926 1840 2245 1906 omissum.

472 1961 788 2048 'Denique
830 1965 1073 2033 tertium
1112 1984 1236 2033 erat
1271 1984 1462 2050 genus
1489 1967 1849 2036 exclusionis
1868 2015 1891 2048 ‚
1934 1968 2104 2049 quod
2120 1985 2328 2058 quam·

424 2094 518 2162 vis
590 2092 892 2160 forbanno
964 2094 1124 2161 haud
1190 2094 1479 2162 dissimile
1499 2141 1524 2177 ‚
1582 2111 1781 2162 tamen
1831 2109 1900 2162 ut
1959 2114 2034 2161 ex
2095 2095 2329 2162 diversa

417 2220 589 2289 fonte
646 2221 964 2289 oriundum
983 2269 1008 2301 ,
1044 2239 1346 2289 .aecurate
1399 2222 1910 2307 distinguendum.
1995 2223 2107 2291 Uti
2167 2222 2327 2290 enim

387 2329 590 2431 'apud
663 2350 981 2432 plerasque
1046 2350 1404 2416 Germaniae
1455 2365 1665 2433 gentes
1725 2370 1853 2417 rara
1906 2365 2072 2417 erant
2122 2348 2332 2417 ultima

423 2476 717 2560 supplicia
746 2491 815 2545 ut
853 2479 986 2557 vel,
1031 2477 1136 2546 ubi
1174 2478 1238 2544 in
1297 2497 1413 2545 usn
1450 2495 1657 2559 erant,
1709 2477 1924 2545 electio
1974 2478 2327 2548 concedere·¹

424 2621 526 2673 tur
596 2605 750 2672 inter
819 2605 1043 2671 animae
1121 2606 1452 2688 pericnlum
1528 2622 1589 2672 et
1676 2606 2147 2690 redemtionem3
2247 2604 2330 2673 ita

422 2734 729 2800 Santonum
807 2732 970 2815 leges
1029 2752 1062 2797 e
1111 2750 1318 2800 contra
1379 2735 1615 2802 nullum
1672 2733 1801 2801 fere
1855 2735 2138 2803 delictum
2199 2752 2329 2801 non

421 2879 615 2943 poena
646 2858 857 2941 capitis
905 2859 1355 2941 plectebantur,
1397 2861 1695 2928 Draconis
1726 2862 1844 2946 legi
1887 2862 2048 2929 haud
2076 2861 2331 2928 dissimi-

422 2989 511 3054 les
561 3003 743 3067 atque
795 2984 883 3052 sic
927 3005 1152 3068 poenas
1187 2988 1432 3070 proprie
1465 2990 1553 3055 sic
1595 2988 1785 3055 dictas
1824 2988 2159 3056 continent.
2245 2992 2333 3053 At

430 3133 642 3181 verum
709 3112 764 3178 si
838 3113 1334 3182 animadvertatur
1354 3156 1381 3193 ,
1444 3116 1681 3182 nullum
1732 3113 2002 3182 viculum
2052 3130 2157 3181 aut
2208 3127 2335 3179 car·

422 3262 525 3307 cer
561 3240 750 3308 fnisse
770 3286 791 3321 ,
844 3258 971 3320 quo
1013 3253 1330 3308 accusatus
1360 3240 1814 3319 contineretur,
1868 3240 2102 3307 nullutn
2141 3239 2337 3307 fnisse

424 3368 811 3448 carnificem,
864 3365 976 3448 qui
1026 3366 1271 3451 publica
1302 3366 1655 3436 anctoritate
1694 3366 2072 3436 condemnati
2098 3368 2334 3454 suppli-

2250 3515 2336 3563 (31-

535 3729 667 3793 (9)
712 3726 835 3780 vid.
890 3726 1007 3778 Lex
1056 3726 1330 3779 Frisonnm
1380 3727 1493 3781 Tit.
1524 3721 1602 3778 V.
1639 3729 1687 3789 ς.
1724 3740 1773 3780 1.
1823 3738 1877 3778 η
1906 3731 2051 3795 ‘pu
2093 3731 2317 3785 σωκ)...

439 3828 553 3864 num
603 3812 774 3876 Leges
825 3809 1182 3861 harbarorum
1236 3811 1380 3862 Tom-
1432 3808 1534 3863 111.
1575 3809 1709 3878 pag'.
1761 3825 1813 3876 9·
1905 3855 1912 3864 .
