3000 4917
694 295 815 360 1⁴2
1513 282 1758 315 ¹¹-

686 467 923 559 perium
976 465 1125 534 nihil
1174 461 1385 532 habuit
1400 507 1429 549 ,
1470 455 1640 547 q'uod
1701 461 1779 528 ad
1839 473 2094 528 mortem
2145 460 2376 532 civilem
2425 465 2600 533 trahi

685 611 913 686 potest.

771 725 865 794 At
904 735 1051 808 post
1103 719 1451 789 restitutum
1500 719 1620 788 sub
1673 735 1940 788 cuono
1989 737 2230 786 mono
2285 719 2600 787 Occiden-

694 851 773 922 tis
818 851 1135 936 imperium
1180 865 1381 918 rerum
1422 845 1605 916 facia
1655 861 1881 916 mutata
1919 861 2038 914 est.
2119 847 2240 914 Hic
2289 849 2445 914 enim
2493 871 2594 917 sa·

689 979 953 1066 pientem
1000 977 1552 1064 Longobardorutn
1574 1022 1598 1059 ,
1655 973 2030 1044 Germanicis
2081 975 2354 1043 moribus
2397 977 2590 1042 intro·

692 1108 893 1177 ductis
910 1155 935 1192 ,
974 1104 1379 1175 conditionem
1426 1102 1723 1172 subvertit
1751 1123 1775 1187 ς
1807 1121 1878 1170 ae
1931 1102 1996 1168 in
2045 1103 2177 1187 ejus
2221 1103 2580 1186 capitulariis

695 1235 959 1322 prinum
1011 1235 1077 1302 in
1128 1231 1294 1302 Italia
1336 1231 1700 1301 forbannum
1749 1249 1819 1298 nc
1868 1231 2142 1298 latrones
2183 1230 2583 1314 reperiunmr.

786 1363 940 1430 Non
986 1381 1232 1430 necesse
1274 1373 1371 1429 est
1431 1359 1556 1427 hoc
1602 1360 1744 1426 loco
1793 1377 1865 1425 ea
1919 1371 2186 1440 repetere
2202 1402 2229 1439 ‚
2277 1377 2432 1440 quae
2481 1379 2589 1426 su-

694 1511 805 1577 pra
868 1489 1123 1573 exposui
1176 1507 1249 1556 ac
1322 1486 1548 1556 dixisse
1610 1484 1864 1554 sufficiat
1921 1484 1986 1550 in
2043 1485 2586 1570 Longobardorum

692 1619 932 1705 legibus
990 1633 1261 1702 tempore
1304 1633 1554 1684 canon
1597 1635 1824 1684 mmm
1879 1614 2012 1682 latis
2029 1663 2054 1698 ‚
2103 1615 2348 1698 plenum
2385 1615 2586 1698 quoad

698 1749 823 1816 hoc
837 1747 1279 1815 Germanorum
1298 1757 1562 1830 systema
1586 1743 1830 1828 reperiri
1851 1791 1874 1825 ,
1895 1743 2060 1812 utvel
2075 1743 2150 1810 iis
2166 1745 2537 1812 contineatur
2551 1791 2580 1825 ‚

702 1875 851 1959 quid
903 1895 1105 1942 revera
1134 1873 1494 1941 forbannum
1539 1892 1608 1938 ea
1657 1887 1848 1938 aetate
1893 1869 2138 1956 intelligi
2187 1871 2422 1938 debeat.
2473 1873 2584 1958 Ju-

702 2001 811 2066 bet
872 2001 1028 2065 enim
1070 2001 1401 2083 Imperator
1418 2045 1444 2082 ,
1486 2015 1566 2064 ne
1599 1999 1876 2094 Comites
1907 1996 2076 2066 fures
2129 2019 2202 2068 ae
2250 1999 2588 2066 malefacto·

704 2145 802 2194 res
844 2125 1046 2210 quiete
1078 2126 1333 2194 residere
1364 2124 1666 2212 patiantur
1699 2125 1808 2194 sed
1839 2145 2075 2210 semper
2111 2145 2219 2192 eos
2265 2129 2336 2194 in
2385 2149 2580 2216 quan·

704 2268 841 2324 tum
883 2255 1133 2325 valeam
1169 2254 1457 2324 infestent
1486 2257 1554 2339 (ι
1564 2253 1639 2341 2)
1657 2303 1683 2338 ,
1728 2275 1856 2339 quo
1889 2268 2056 2341 patet
2083 2255 2231 2324 illud
2265 2255 2586 2323 remedium

709 2403 839 2465 quo
882 2383 1214 2466 antiquitus
1269 2385 1548 2453 homines
1593 2384 1670 2450 ad
1715 2403 1924 2466 pacem
1967 2383 2340 2452 ducebantur
2355 2430 2380 2465 ,
2425 2403 2590 2450 nunc

704 2507 849 2573 belli
924 2529 1163 2574 eausam
1224 2529 1357 2577 esse
1418 2510 1576 2575 inter
1613 2511 1993 2593 magistratus
2043 2527 2106 2578 et
2151 2512 2587 2593 delinquentem

708 2635 876 2718 quod
926 2648 1125 2700 tamen
1182 2635 1245 2702 in
1294 2636 1838 2721 Longobardorum
1893 2639 2120 2706 ditione
2161 2639 2360 2707 minus
2405 2641 2589 2722 utile,

708 2762 993 2846 quoniam
1068 2761 1154 2828 ibi
1227 2777 1298 2832 ut
1351 2763 1612 2834 vidimus
1659 2764 1829 2850 ipsae
1877 2768 2042 2854 leges
2087 2770 2164 2837 ad
2207 2789 2416 2853 pacem
2468 2787 2592 2836 ser·

709 2893 962 2962 vandam
1027 2891 1169 2960 satis
1234 2891 1491 2962 valuisse
1555 2892 1865 2968 videntur.
1937 2897 2088 2966 Post
2139 2917 2390 2966 canon
2439 2917 2596 2963 mor-

708 3034 827 3088 tem
877 3039 1003 3088 non
1038 3021 1160 3088 hoc
1210 3021 1514 3092 sublatum
1564 3023 1788 3109 cred03
1828 3025 2013 3112 huius
2065 3026 2223 3092 enim
2273 3027 2594 3094 documen·

706 3161 767 3215 ta
828 3167 955 3216 non
1030 3151 1431 3235 reperiuntur.
1527 3150 1840 3238 Singulzre
1909 3151 2060 3220 illud
2121 3167 2321 3224 tamen
2380 3167 2472 3220 est
2533 3153 2596 3218 in

706 3274 978 3360 Legibus
1034 3295 1361 3348 Lunovlm
1410 3277 1489 3346 11.
1547 3281 1716 3362 quod
1778 3279 1862 3346 ibi
1913 3281 2174 3364 primum
2227 3282 2453 3348 mentio
2502 3279 2604 3348 fiat

697 3403 1109 3486 ,propriedieti
1129 3405 1284 3474 exilii
1324 3425 1436 3474 seu
1462 3407 1878 3493 expulsionis,
1905 3425 2042 3476 nam
2078 3429 2232 3493 quae
2247 3411 2368 3478 huc
2404 3427 2598 3491 usque

2525 3537 2750 3634 de

812 3709 971 3774 (n)
1011 3713 1133 3768 vm,
1186 3717 1279 3773 Le.
1338 3720 1567 3788 Longo&
1611 3723 1746 3788 Cap.
1813 3721 1947 3778 Car·
1997 3725 2185 3792 Magn.
2237 3726 2300 3785 C.
2351 3723 2604 3787 vamq

720 3793 879 3850 canc.
924 3797 975 3851 1.
1006 3807 1067 3862 p.
1122 3807 1232 3863 137·
1643 3791 1654 3802 ’
2454 3815 2460 3820 ’
