3000 4917
1248 333 1512 394 ··-·'''·-'-!·-
2217 327 2347 413 :19⁴3

420 523 585 594 dalis
656 516 1031 590 momentum
1096 517 1163 584 in
1240 517 1606 604 reipublicae
1651 517 2170 591 administratione
2215 541 2332 593 no-

406 669 527 718 vas
571 646 902 732 adquisivit
946 645 1132 717 vires.
1220 645 1384 713 Cum
1436 646 1503 712 in
1553 647 1947 730 opprimendo
1981 646 2154 734 Rege
2196 654 2325 736 ple·-

333 744 341 748 ”
402 795 641 857 rosque
700 774 938 842 nobiles
990 770 1113 838 sibi
1170 769 1377 838 socios
1426 771 1785 855 habuisset,
1821 775 1963 855 jam
2015 796 2126 845 sua
2185 779 2326 848 vice

410 905 670 974 titulum
722 904 879 971 tueri
941 914 1242 980 conatus,
1292 899 1512 966 iisdem
1555 877 2008 969 difficultatibus
2068 907 2325 990 impedi.

410 1049 571 1116 tus,
595 1052 706 1099 :eo
751 1047 987 1099 tantum
1060 1047 1183 1095 rem
1231 1029 1563 1112 perducere
1615 1029 1864 1112 potuit,
1924 1043 1996 1094 ut
2043 1031 2324 1113 exemplo

404 1183 539 1231 suo
609 1161 886 1241 incitati,
982 1175 1261 1241 proceres
1308 1154 1598 1224 beneficia
1647 1154 2088 1236 ecclesiastica,
2157 1172 2315 1239 quae

405 1293 615 1376 vulgo
664 1310 699 1357 a
760 1290 933 1356 laicis
974 1286 1333 1354 tenebantur
1380 1288 1617 1354 clericis
1675 1285 2047 1371 possidenda
2109 1286 2320 1354 redde-

398 1433 572 1486 rent.
656 1418 1069 1500 caeteroquin
1090 1463 1115 1498 ,
1158 1429 1357 1482 status
1406 1414 1644 1481 Galliae
1697 1414 1896 1480 nullas
1938 1410 2138 1480 subiit
2181 1427 2319 1478 mu-

398 1545 722 1624 tationes,
775 1563 915 1609 nam
966 1543 1023 1608 si
1072 1561 1213 1607 cum
1262 1541 1630 1606 doctissimo
1678 1559 1774 1608 nn
1827 1559 2056 1608 vanu
2117 1538 2318 1626 (27),

406 1673 687 1738 diversas
722 1669 904 1752 huJ'us
938 1667 1215 1751 regiones
1260 1669 1611 1750 provincias
1658 1669 2127 1750 pei-lustremus,
2179 1670 2320 1736 nui·

408 1796 523 1864 lus
590 1792 719 1862 fere
771 1797 1065 1877 reperitur
1115 1796 1381 1860 vasallus
1398 1841 1423 1875 ,
1484 1797 1595 1876 qui
1657 1795 1936 1863 absoluta
1990 1811 2122 1861 non
2174 1811 2320 1879 gan·

392 1926 561 1990 -deat
624 1934 957 2005 potestate.
1062 1920 1351 1986 Attamen
1410 1919 1487 1986 ab
1556 1937 1630 1984 eo
1685 1919 1825 1986 inde
1887 1933 2160 2002 tempore
2225 1939 2321 1990 res

390 2051 498 2118 -ad
550 2049 823 2116 ordinem
872 2048 1063 2114 redire
1106 2059 1483 2131 coeperunt,
1527 2065 1599 2112 ac
1641 2023 1830 2114 sicuti
1862 2045 2149 2116 diuturna
2194 2046 2322 2116 fuit

416 2177 808 2245 monarchiae
826 2222 852 2258 ,
890 2175 1303 2242 aristocratiae
1336 2195 1405 2241 ac
1445 2173 1757 2241 marchiae
1807 2159 2138 2258 confusio,
2177 2177 2322 2244 jen·

410 2317 481 2370 te
538 2305 615 2370 ad
668 2305 1119 2371 restitutionem
1166 2303 1414 2386 procedi
1462 2301 1695 2369 debuit.
1781 2301 2115 2390 Quomodo
2169 2303 2326 2372 illud
2401 2370 2404 2373 ,

405 2431 653 2499 factum
708 2432 825 2512 sit,
872 2432 1026 2514 quid
1054 2431 1525 2519 municipiorum
1571 2431 1691 2498 sub
1729 2446 2076 2499 Lunovrco
2119 2447 2322 2498 cuae-

388 2581 497 2628 -so
569 2561 879 2646 privilegia
897 2606 923 2642 ,
1006 2560 1156 2642 quid
1206 2573 1460 2643 propter
1505 2560 1924 2646 *expeditiones
1976 2549 2272 2627 cruciatae
2289 2603 2316 2642 ‚

414 2708 495 2754 ac
562 2687 863 2754 nobilium
936 2686 1251 2769 absentia,
1324 2687 1471 2770 quid
1534 2688 1793 2772 denique
1855 2703 2152 2756 nummu
2191 2703 2326 2754 Au·

404 2834 625 2884 cus'rr
694 2831 863 2899 gesta
930 2836 1003 2883 ac
1068 2816 1388 2883 conamina
1413 2873 1422 2878 -
1444 2818 1566 2882 huc
1627 2817 2037 2895 contulerint,
2091 2815 2168 2881 ad
2221 2833 2318 2880 me

402 2961 540 3016 non
603 2943 934 3026 pertinent.
1038 2945 1285 3009 Dixisse
1360 2943 1520 3008 enim
1589 2943 1849 3009 sufficiat
1896 2941 2018 3008 sub
2070 2941 2314 3007 initium

410 3057 643 3136 saeculi
701 3068 925 3135 decimi
993 3071 1203 3149 tertii,
1278 3069 1403 3135 nisi
1469 3087 1672 3134 veram
1748 3067 2010 3151 Regiam
2054 3084 2162 3133 eos
2216 3065 2322 3134 ha-

408 3197 623 3262 buisse
694 3195 1061 3280 majestatem
1142 3195 1562 3262 confitendum
1637 3194 1763 3274 sit,
1835 3208 2094 3262 attamen
2169 3213 2314 3263 cum

392 3323 667 3388 nomine
687 3368 712 3401 ,
806 3322 1065 3387 maxima
1154 3337 1361 3388 tamen
1428 3321 1674 3404 gavisos
1737 3319 1933 3388 fuisse
1997 3322 2315 3405 potentia,
2391 3409 2397 3412 .

412 3467 539 3532 qua
606 3449 881 3530 pluribus
948 3467 1019 3515 se
1090 3449 1433 3516 immiscere
1490 3462 1800 3532 poterant.
1841 3463 1947 3515 aut
1997 3450 2074 3517 ad
2129 3466 2317 3518 suum

511 3787 672 3850 (27)
733 3792 926 3842 Vetuit
960 3791 1143 3864 'His-t.
1196 3786 1259 3841 de
1304 3791 1505 3843 Francc
1557 3791 1700 3847 Tom.
1760 3791 1838 3848 11.
1887 3801 1944 3858 p.
1993 3792 2108 3864 248.
2137 3805 2309 3872 ‘seqq-

430 3873 535 3926 Ed.
589 3872 736 3937 1761.
2140 3899 2149 3904 -

1405 3960 1518 4028 Bb
