3000 4917
648 352 727 403 1⁰
1468 340 1712 403 ξ..-

642 506 735 593 Hi
782 540 929 593 vero
957 540 1083 591 non
1126 535 1357 591 tantum
1390 519 1726 607 indiginae,
1771 519 1836 587 id
1869 534 2006 603 est,
2047 516 2310 589 Rotnani
2345 521 2528 607 impe·

642 652 719 723 rii
742 650 971 721 incolae
1016 664 1227 732 erant,
1286 652 1395 719 sed
1423 662 1485 717 et
1515 647 1692 723 multi
1734 668 1770 715 e
1811 646 2005 733 prima
2031 649 2286 719 cohorte
2318 648 2531 719 Barba·

644 792 917 862 rorum,·
954 777 1061 863 qui
1109 796 1255 845 mox
1288 777 1367 846 ab
1412 775 1549 845 aliis
1581 775 1746 864 pulsi
1779 775 1963 861 (4),
2003 775 2069 843 in
2095 774 2168 845 iis
2205 791 2539 845 manserant

642 904 1034 993 regionibus3
1080 926 1205 991 quo
1228 905 1453 977 factum
1489 920 1562 975 ut
1585 905 1650 973 in
1683 902 1958 989 plurimis
1983 901 2138 973 locis
2154 950 2180 987 ,
2219 902 2274 971 si
2301 905 2536 975 veltres

642 1036 743 1106 vel
774 1047 1034 1117 quatuor
1050 1048 1251 1103 essent
1276 1050 1493 1119 genere
1525 1046 1590 1101 et
1610 1032 1852 1103 natione
1867 1030 2088 1101 diversi
2119 1030 2349 1101 incolae
2368 1079 2395 1113 ,
2411 1031 2535 1099 sin-

644 1162 773 1249 guli
793 1163 1037 1247 propria
1059 1162 1192 1249 lege
1224 1174 1564 1231 uterentur.
1645 1158 1889 1248 Quodsi
1913 1160 2036 1246 jam
2073 1157 2359 1229 omnibus
2391 1158 2536 1227 Bar-

645 1290 809 1359 baris
872 1289 1127 1375 civitatis
1186 1288 1567 1374 privilegium
1614 1288 1894 1357 conferre
1941 1287 2319 1370 voluissent,
2379 1285 2537 1355 inter

648 1415 767 1483 bos
821 1434 1035 1487 rursus
1080 1415 1146 1483 in
1192 1418 1331 1501 jure
1374 1416 1694 1483 discrimen
1713 1460 1738 1498 ‚
1795 1415 1850 1483 si
1899 1413 2320 1485 recentissimis
2371 1414 2541 1483 inva-
2606 1510 2614 1517 ·

646 1540 891 1609 soi-ibus
932 1554 1167 1611 tantum
1189 1588 1215 1624 ,
1269 1540 1610 1625 periculum
1661 1556 1722 1609 et
1766 1542 2190 1613 confusionem
2229 1542 2368 1611 inde
2401 1558 2539 1611 nas-

645 1668 901 1737 cituram
915 1714 940 1752 ‚
988 1668 1337 1753 probabile3
1400 1667 1626 1752 quibus
1671 1668 1868 1739 causis
1887 1715 1912 1752 ‚
1953 1669 2009 1737 si
2059 1669 2394 1757 adjunxeris
2427 1668 2543 1738 hu-

644 1796 750 1882 ius
792 1796 883 1865 rei
932 1796 1321 1867 barbarorum
1374 1792 1766 1882 ignorantiam
1787 1845 1813 1879 ,
1873 1796 2167 1882 plurimae
2203 1799 2326 1883 iam
2373 1815 2540 1879 prae-

650 1936 753 1989 sto
806 1936 953 1990 sunt
997 1941 1211 1990 causae
1226 1968 1252 2004 ,
1309 1943 1465 2006 quae
1495 1942 1770 2007 magnam
1817 1924 1883 1991 in
1923 1925 2034 1991 hac
2083 1943 2150 1990 re
2196 1922 2543 1990 conversio-

649 2066 787 2115 nem
840 2026 1051 2117 afferre
1113 2049 1471 2117 debuerunt.
1560 2050 1792 2119 Verum
1843 2062 2166 2132 postquam
2211 2046 2540 2113 firmiorem

654 2172 773 2245 sibi
836 2174 1037 2241 sedem
1108 2173 1481 2257 adquisivere
1496 2222 1522 2257 ‚
1609 2195 1644 2243 e
1721 2174 1956 2259 legibus
2027 2172 2302 2255 ipsorum
2368 2172 2543 2241 facile

656 2300 850 2384 liquet
865 2345 891 2381 ,
959 2300 1193 2380 qualem
1256 2300 1322 2363 in
1396 2300 1495 2365 his
1573 2301 1874 2367 tenuerint
1938 2300 2231 2385 regulam.
2331 2301 2546 2369 Franci

658 2424 815 2495 enim
842 2472 868 2509 ‚
922 2424 1321 2495 Barbarorum
1372 2442 1518 2493 sane
1562 2424 1913 2509 praecipui,
1957 2425 2187 2511 quippe
2220 2428 2327 2511 qui
2355 2442 2544 2497 totam

658 2550 786 2621 fere
825 2552 1135 2633 Europam
1186 2549 1470 2633 paulatim
1505 2566 1882 2649 occuparunt
1896 2598 1922 2635 ‚
1962 2552 2158 2623 victos
2190 2554 2432 2637 quidem
2462 2555 2545 2625 si-

658 2676 725 2745 bi
774 2675 1085 2747 inferiores
1126 2676 1463 2747 habuenmt
1507 2677 1774 2762 (minori
1809 2661 1966 2749 enfin
2009 2680 2228 2749 horum
2279 2682 2402 2751 vita
2442 2684 2550 2753 ha·

658 2802 911 2873 bebatur
984 2803 1233 2889 pretio)
1294 2806 1404 2875 sed
1466 2805 1702 2875 nullum
1767 2806 2105 2877 invenimus
2155 2809 2496 2879 institutum
2520 2856 2547 2891 ‚

662 2950 791 3015 quo
844 2932 921 2999 ad
966 2930 1263 3001 victorum
1312 2933 1567 3001 classem
1617 2944 1804 3017 atque
1860 2934 2054 3021 legem
2090 2937 2344 3005 transire
2385 2949 2547 3006 veta·
2631 2934 2635 2939 ’

658 3059 877 3142 batur,
926 3080 1049 3142 qua
1105 3074 1359 3145 propter
1404 3059 1576 3129 brevi
1625 3058 1752 3129 fere
1798 3079 1981 3131 omne
2027 3062 2344 3133 discrimen
2395 3066 2546 3133 inter

662 3204 770 3255 eos
813 3186 1118 3256 sublatum
1162 3202 1283 3259 est.
1364 3187 1512 3274 Quo
1539 3202 1704 3273 patet
1717 3234 1743 3271 ‚
1777 3190 2011 3259 nullum
2053 3190 2169 3260 sibi
2207 3192 2310 3276 jus
2343 3191 2546 3260 civita·-

662 3314 743 3383 tis
804 3314 1067 3384 victores
1123 3314 1443 3385 retinuisse
1459 3362 1485 3399 ‚
1547 3333 1750 3400 neque
1792 3316 1912 3385 sibi
1970 3317 2292 3402 privilegia
2319 3316 2549 3385 eonsti-

664 3438 857 3513 tuisse
872 3489 898 3525 ,
914 3462 1065 3526 quae
1098 3442 1273 3511 victis
1304 3444 1748 3529 denegabantur
1763 3491 1788 3528 ‚
1821 3459 1927 3515 aut
1954 3465 2108 3529 quae
2123 3490 2151 3527 ,
2189 3443 2244 3511 si
2283 3445 2506 3513 vellent
2521 3492 2548 3527 ‚

2430 3572 2554 3641 adi.

766 3754 843 3815 (4
859 3754 887 3812 )
962 3756 1040 3807 ita
1098 3757 1473 3823 Burgundiones
1537 3758 1835 3823 visigothos
1906 3775 1936 3812 a
1997 3758 2161 3815 Gallis
2219 3758 2540 3824 expulerunt.

682 3834 768 3895 111¹
814 3850 979 3889 rursus
1011 3851 1041 3888 ι
1088 3839 1290 3893 Francis
1334 3840 1567 3904 occupati
1608 3852 1745 3896 sunt.
