3000 4917
592 399 716 464 124
1414 397 1654 452 Ξ

586 573 965 653 mittebatur,
992 571 1343 654 inpropter
1364 571 1485 638 hoc
1516 571 1724 655 ipsum
1743 549 2510 658 etatvalidum,utneque*

586 698 817 766 moenia
832 715 1031 778 neque
1046 694 1371 766 satellitum
1409 712 1517 766 aut
1544 699 1903 768 vasallorum
1935 701 2113 768 turba
2127 747 2152 785 ,
2189 719 2358 770 reum
2393 703 2493 770 vel

580 837 985 892 contumacem
1054 823 1175 910 (hi
1198 823 1357 891 enim
1394 825 1802 894 condemnatis
1831 824 2112 911 similes)
2153 839 2494 896 tuerentur.

580 951 721 1020 Hoc
759 965 961 1020 autem
997 949 1227 1036 privata
1272 953 1578 1037 inceptum
1625 952 1786 1022 forte
1816 955 2170 1022 auctoritate
2201 953 2492 1039 iudicium

577 1079 790 1148 deinde
820 1079 1125 1162 Imperiale
1152 1080 1459 1148 sanctione
1482 1081 1902 1148 confirmatum
1915 1083 2028 1150 hac
2041 1079 2294 1164 periodo
2305 1081 2492 1165 inpri-

580 1207 696 1276 mis
709 1205 923 1292 viguit.
942 1205 1246 1276 Praeterea
1262 1226 1401 1276 cum
1416 1205 1718 1276 forbanno
1737 1222 1861 1278 erat
1873 1211 2290 1295 conjunctum,
2306 1221 2487 1292 atque

578 1337 709 1422 eiua
728 1354 951 1424 nomen
974 1335 1237 1404 tenebat.
1280 1335 1431 1404 Non
1462 1335 1680 1404 mirum
1695 1335 1914 1420 igitur,
1953 1336 2003 1402 si
2037 1335 2205 1404 hisce
2215 1335 2484 1404 remediis

580 1461 789 1548 potius
852 1482 1035 1547 quam
1112 1479 1315 1546 aperta
1371 1463 1814 1547 proscriptione
1883 1463 1980 1533 usi
2039 1461 2162 1532 sint
2183 1508 2208 1545 ,
2272 1461 2354 1528 ita
2413 1475 2484 1529 ut

468 1677 479 1692 ·
580 1591 729 1658 haec
786 1591 863 1658 ad
904 1586 1245 1658 inferIorem
1306 1591 1582 1676 migraret
1627 1590 1876 1676 gradum
1941 1609 2012 1656 ac
2074 1608 2109 1655 e
2155 1601 2484 1672 conspectu

580 1717 771 1804 magis
844 1735 1273 1800 removeretur,
1364 1719 1453 1786 At
1516 1715 1753 1804 judiciis
1811 1716 2058 1784 secretis
2111 1715 2260 1782 illud
2304 1713 2479 1782 etiam

579 1846 881 1914 commodi
926 1845 1115 1913 inerat
1130 1893 1155 1930 ,
1208 1860 1279 1914 ut
1330 1864 1459 1913 non
1515 1845 1692 1914 sicuti
1737 1844 2098 1913 forbannum
2129 1863 2340 1928 pacem
2368 1863 2483 1926 pu·
2541 1855 2551 1870 ·

582 1973 795 2040 blicam
852 1973 1040 2057 magis
1092 1973 1399 2041 turbarent
1446 1991 1627 2056 quam
1679 1985 2136 2055 componerent.
2203 1970 2481 2054 Incogni-

582 2113 683 2166 tus
780 2099 933 2163 enim
1014 2112 1327 2165 accusator
1340 2143 1365 2180 ,
1456 2099 1634 2166 velati
1725 2099 1954 2185 judices
1973 2146 2000 2181 ,
2093 2099 2283 2165 latens
2355 2097 2478 2162 imo

581 2223 847 2293 carnifex
902 2224 1173 2309 adeoque
1220 2224 1495 2309 quamvis
1545 2245 1615 2294 ae
1657 2228 2115 2294 condemnatum
2165 2225 2307 2308 quis
2359 2221 2479 2290 sci-

580 2368 673 2422 ret
728 2373 800 2422 ac
852 2371 1068 2438 magno
1122 2355 1477 2422 vasallorum
1529 2372 1784 2422 numero
1831 2351 2007 2420 facile
2037 2351 2340 2436 cognitum
2373 2351 2476 2419 ad-

576 2481 901 2548 versarium
949 2496 1265 2564 vexasset,
1306 2499 1491 2550 vanae
1525 2495 1724 2548 tamen
1767 2480 1935 2564 irae3
1971 2480 2174 2548 nullos
2207 2478 2364 2546 enim
2399 2477 2474 2544 de

578 2605 805 2688 quibus
845 2603 1165 2670 vindictam
1220 2619 1483 2672 sumeret
1507 2651 1532 2686 ,
1589 2605 1865 2672 habebat.

660 2729 796 2796 Nec
827 2745 1021 2798 tamen
1056 2728 1278 2812 aliquia
1336 2751 1409 2798 ex
1464 2730 1630 2798 hisce
1665 2731 1982 2816 conjiciat,
2031 2752 2130 2799 me
2163 2729 2472 2798 defendere

567 2859 787 2949 judicia
849 2873 1074 2926 secreta
1088 2905 1113 2943 ,
1162 2858 1391 2944 quippe
1444 2879 1601 2944 quae
1647 2859 1900 2944 publico
1951 2858 2129 2928 saluti
2177 2861 2474 2928 contraria

574 2991 696 3058 lato
747 2987 965 3058 abusui
1008 2993 1290 3072 aperiunt
1336 2985 1534 3072 viam3
1588 3005 1798 3056 verum
1851 2989 1930 3056 ita
1983 2989 2128 3054 haec
2189 2987 2475 3072 intelligat

574 3133 647 3186 ut
674 3115 1054 3202 comparandi
1092 3135 1271 3185 causa
1313 3129 1546 3184 tantum
1601 3116 1756 3184 dicta
1799 3115 1921 3183 sint
1940 3162 1965 3199 ,
2018 3134 2144 3198 quo
2195 3129 2474 3198 appareat

574 3265 859 3330 quaenam
931 3246 1205 3332 rationes,
1258 3244 1606 3314 hominibus
1674 3247 1921 3314 suadere
1981 3242 2294 3328 potuerint
2307 3290 2332 3327 ,
2401 3256 2472 3311 ut

574 3373 888 3442 execrabili
930 3373 1037 3442 illo
1096 3387 1406 3444 uterentur
1446 3373 1732 3441 remedio.

654 3501 843 3588 Quod
902 3501 956 3568 si
1004 3521 1149 3571 vero
1190 3501 1277 3568 illi
1317 3521 1496 3570 casus
1509 3531 1536 3585 ·,
1591 3500 1818 3584 quibus
1870 3496 2026 3566 vires
2064 3495 2330 3566 exercuit
2363 3512 2478 3582 σεο,

572 3623 807 3692 cultum
860 3625 1008 3696 illud
1068 3627 1367 3711 tribunal,
1430 3629 1508 3698 ad
1575 3640 1852 3695 nostrum
1891 3643 2020 3694 non
2066 3636 2464 3708 pervenerunt

570 3749 872 3834 notitiam,
930 3769 1000 3824 ac
1070 3754 1262 3823 serius
1325 3767 1560 3822 tantum
1611 3771 1818 3821 eorum
1884 3749 2241 3822 constitutio
2285 3765 2467 3833 appa·

2335 3889 2467 3942 rue-
