3000 4917
1260 391 1503 421 ·“·“··
1649 367 1656 373 ’
2224 401 2346 472 197

428 571 756 655 utlagatus
813 571 1000 654 vulgo
1065 569 1302 636 dicatur
1350 571 1568 651 exlex,
1641 571 1856 640 melius
1913 585 2116 644 tamen
2187 578 2337 646 sim·

423 702 659 781 pliciter
735 715 901 787 pace
983 697 1283 788 privatus
1366 701 1820 783 interpretatur.
1916 700 2084 770 Haec
2179 723 2330 773 vero

422 829 684 909 duplex:
736 827 866 896 Dei
908 828 1065 892 enim
1120 827 1359 912 exleges
1421 847 1532 893 seu
1600 821 2107 896 excommunicati
2137 845 2331 912 sunt,

424 955 652 1036 quibus
718 972 839 1036 pax
888 937 1020 1020 Dei‘
1054 973 1165 1020 seu
1222 955 1532 1036 Ecclesiae
1579 957 1871 1037 denegata
1924 969 2019 1022 est
2076 955 2275 1039 (36)
2301 1000 2330 1039 ,

419 1082 483 1146 in
540 1081 785 1145 saeculo
840 1075 1089 1161 utlagati
1138 1091 1283 1143 sunt
1334 1080 1435 1143 vel
1485 1079 1678 1162 Regis
1714 1080 1989 1162 inimIci,
2047 1081 2146 1146 vel
2181 1083 2333 1148 ami·

417 1230 631 1276 corum
682 1210 812 1294 ejus
850 1207 1040 1298 (31)
1072 1210 1168 1274 vel
1202 1209 1372 1274 omni
1409 1199 1650 1289 populo
1690 1203 1965 1274 infideles
2000 1206 2188 1292 (3'2)
2233 1210 2332 1274 vel

418 1339 598 1402 etiam
655 1336 1013 1418 simpliciter
1064 1353 1215 1418 pace
1265 1335 1497 1400 exclusi
1531 1337 1567 1419 (
1591 1335 1724 1420 33)
1758 1337 2069 1402 dicuntur.
2153 1335 2339 1423 Quo·

423 1464 612 1526 modo
678 1463 833 1527 illud
896 1480 1041 1526 vero
1110 1461 1365 1542 intelligi
1436 1459 1691 1541 debeat,
1755 1461 1979 1528 docent
2045 1461 2338 1528 Edwardi

416 1586 795 1653 confessoris
878 1589 1041 1670 leges
1064 1631 1090 1666 ,
1164 1585 1272 1669 qui
1336 1590 1668 1670 generalem
1729 1591 1804 1654 de
1869 1573 2155 1672 utlagatis
2211 1603 2338 1656 sta·
2401 1581 2408 1588 ’

416 1715 537 1780 tuit
599 1716 859 1796 regulam
887 1760 913 1796 ,
957 1727 1151 1803 caput
1215 1733 1326 1782 eos
1400 1733 1607 1798 gerere
1672 1716 1956 1804 lupinum
2024 1725 2064 1806 (
2084 1714 2339 1783 Wulfes

416 1839 694 1916 heofcd)
726 1841 765 1923 (
782 1841 911 1926 34)
954 1841 1099 1907 Hoc
1150 1855 1353 1906 autem
1407 1823 1813 1910 constitutum
1862 1841 2153 1910 adversus
2183 1860 2335 1923 eos,

420 1970 530 2048 qui
609 1984 817 2048 pacem
894 1967 1011 2030 Dei
1067 1983 1437 2048 componere
1488 1967 1714 2030 nolunt
1761 1983 1833 2030 ac
1884 1979 2330 2034 contemnuntz

418 2113 489 2158 ac
574 2092 959 2174 conspicitur
1031 2093 1134 2158 hic
1219 2107 1454 2158 arctum
1537 2090 1845 2176 quoddam
1895 2091 2051 2158 inter
2118 2089 2342 2156 Eccle-

418 2220 721 2286 siasticam
776 2234 838 2285 et
894 2222 1259 2291 saecularem
1318 2219 1897 2284 animadversionem
1968 2218 2330 2299 vinculum,

411 2348 586 2434 ‘quod
639 2350 1029 2428 caeteroquin
1084 2345 1531 2429 antiquissimis
1580 2335 1761 2410 etism
1817 2347 2198 2430 temporibus
2264 2349 2331 2418 in

411 2476 636 2560 Anglia
706 2475 907 2541 videre
962 2491 1110 2554 est,
1173 2474 1280 2538 ubi
1326 2489 1456 2538 non
1507 2473 1800 2555 utlagatio
1856 2487 1922 2538 et
1971 2494 2325 2544 excommu-

410 2605 641 2669 nicatio
694 2603 872 2685 quasi
927 2603 1060 2685 pa'ri
1117 2622 1307 2686 passu
1354 2599 1708 2682 ambulant,
1753 2622 1964 2668 verum
2001 2585 2111 2670 ubi
2165 2621 2336 2689 pax,

412 2732 676 2803 amicitia
749 2749 820 2798 ac
896 2731 1216 2800 inimicitia
1285 2731 1407 2797 Dei
1457 2749 1530 2796 ac
1589 2727 1782 2820 Regis
1841 2734 1982 2820 conj
1995 2745 2333 2820 unguntur.
2419 2705 2426 2714 ⁸

2231 2861 2338 2933 Aa

413 3088 586 3140 Dauos
633 3094 687 3134 et
726 3085 1179 3148 Anglo-saxones
1227 3095 1380 3146 atque
1419 3097 1512 3134 usu
1547 3084 1868 3146 utlagationis
1911 3100 2002 3140 seu
2050 3084 2189 3147 pacis
2218 3087 2323 3150 pri.

413 3172 656 3233 vatione,
719 3171 846 3219 vid.
898 3173 1092 3221 Ludw.
1143 3172 1334 3234 scn'pt.
1382 3173 1521 3222 Κατ.
1569 3172 1746 3220 Dam‘c
1797 3171 1941 3222 Tum.
1988 3171 2088 3225 lX.
2127 3182 2185 3234 p.
2231 3186 2322 3238 35,

417 3265 473 3304 et
526 3255 775 3306 Nt‘colas.
820 3255 1011 3316 Episc-
1060 3253 1333 3302 Lundensi
1380 3255 1455 3302 ad
1491 3267 1723 3314 annum,
1770 3253 1892 3320 649.
2300 3238 2308 3248 ’

512 3341 663 3406 (3ο)
724 3339 1023 3390 constitut.
1090 3339 1401 3390 Aethelred.
1468 3341 1534 3388 de
1577 3350 1708 3403 pace
1754 3350 1806 3416 et
1854 3343 2178 3403 protectione
2220 3351 2315 3410 ap.

415 3430 573 3481 canc.
620 3427 741 3475 LL.
789 3423 1149 3474 Barbarorum
1203 3424 1347 3474 Tam.
1402 3423 1506 3473 lv.
1543 3419 1622 3487 μ’
1654 3438 1772 3487 295.
1821 3425 1904 3477 ed.
1941 3439 1987 3476 1.

506 3513 652 3574 (31)
700 3511 821 3561 LL.
871 3509 1173 3561 Eadmunds·
1214 3520 1329 3572 cap.
1385 3523 1435 3561 1.

503 3597 657 3660 (32)
703 3596 823 3646 LL.
874 3594 1037 3644 Cnuu'
1086 3594 1225 3656 Cap.
1273 3591 1501 3646 xxvll.
1541 3604 1601 3646 et
1651 3595 1787 3660 Cap·
1838 3594 2008 3644 XXX·

504 3680 655 3740 (83)
700 3678 844 3728 lbid.
898 3679 1033 3739 Cap.
1082 3677 1236 3729 XVI.

508 3765 615 3828 (34
636 3775 663 3826 )
723 3760 851 3813 vid.
919 3761 1036 3822 huj.
1100 3763 1277 3838 Leges
1339 3764 1471 3827 cap.
1524 3773 1580 3828 7·
1632 3761 1700 3816 cf.
1747 3764 1968 3828 Myrtos
2017 3757 2084 3822 ef
2103 3762 2318 3822 lustrico

412 3853 548 3916 cap.
596 3849 695 3902 Ν.
751 3847 895 3901 Sect.
942 3861 994 3907 4.

1406 3952 1602 4037 Bb.3
