3000 4917
730 253 853 338 176
1562 262 1803 323 =

728 443 819 516 At
862 445 987 532 jam
1032 440 1313 528 questio
1360 442 1592 524 oritur,
1651 459 1840 526 qnare
1889 444 1970 510 ad
2013 445 2412 512 testamenti
2467 444 2692 514 factio·

728 591 867 642 nem
903 589 1031 640 non
1080 570 1516 640 admittantur:
1575 567 1753 639 facile
1791 584 1992 640 tamen
2029 591 2494 657 responsurum
2539 591 2694 656 poe·

734 701 922 783 nam3
1000 717 1123 784 qua
1186 699 1439 785 proprio
1498 699 1650 784 jure
1697 698 1982 768 Romano
2035 701 2286 769 civitas
2351 702 2686 768 amitteba-

740 843 846 896 tnr
861 870 889 910 ,-
958 827 1085 896 huc
1148 845 1359 912 parum
1419 823 1620 894 facere
1643 872 1669 909 ,
1741 827 1924 896 docet
1966 829 2148 896 vocis
2211 845 2386 918 opus
2445 827 2696 894 metalli

730 973 933 1038 nanu
1010 955 1166 1024 illud
1216 971 1414 1022 tamen
1470 955 1776 1037 vidimus,
1850 956 2020 1040 quod
2057 971 2391 1041 perpetua
2443 957 2696 1022 damna-

738 1083 911 1152 tione
978 1083 1225 1168 relegati
1295 1081 1760 1167 aequiparentur
1851 1085 2198 1168 deportatis
2215 1105 2248 1170 3
2361 1085 2476 1152 his
2541 1100 2690 1149 vero

736 1225 1161 1279 testamentum
1203 1209 1403 1300 facere
1467 1229 1594 1278 non
1653 1211 1902 1278 licuisse
1969 1212 2158 1280 dubio
2261 1226 2479 1279 caret.
2573 1209 2694 1276 Ve-

742 1359 873 1410 ram
916 1341 1097 1424 igitur
1134 1339 1331 1407 reddit
1372 1341 1676 1406 rationem
1711 1339 1990 1406 Anianus
2044 1340 2155 1406 ubi
2217 1341 2396 1406 dicit
2417 1383 2444 1420 ,
2503 1357 2694 1420 prop·

746 1481 843 1535 ter
916 1481 1268 1552 perpetuam
1346 1468 1796 1535 damnationem
1862 1436 1974 1534 eoa
2047 1487 2084 1534 a
2133 1467 2524 1534 testamenti
2566 1463 2690 1529 fac·

750 1597 921 1664 tione
957 1593 1169 1662 arceri.
1225 1592 1317 1660 lta
1344 1595 1530 1660 simul
1558 1593 1974 1677 interpretatio
2006 1595 2096 1662 L.
2141 1615 2200 1664 1.
2249 1595 2425 1662 Cod.
2455 1589 2679 1660 Theod-

754 1723 828 1792 da
874 1724 1092 1812 inoffic-
1160 1736 1413 1791 testam.
1478 1723 1834 1806 explicatur.
1891 1722 2116 1790 Obstat
2167 1725 2382 1808 igitur
2447 1724 2684 1788 solum-

758 1853 947 1922 modo
974 1867 1121 1934 can
1150 1852 1327 1918 locus
1345 1896 1371 1933 ,
1418 1851 1530 1934 qui
1559 1851 1702 1918 licet
1729 1851 2122 1934 gravissimus
2139 1895 2166 1934 ,
2207 1871 2424 1916 meam
2479 1862 2676 1914 tamen

756 1981 1109 2048 sententiam
1131 2023 1156 2060 ,
1218 1981 1273 2046 si
1319 1979 1522 2045 dicere
1559 1976 1658 2045 fas
1709 1993 1842 2059 est,
1884 1992 2146 2046 evertere
2201 1979 2471 2062 nequit.
2559 1975 2680 2041 Ex·

758 2119 881 2174 atat
939 2103 1135 2173 fateor
1182 2107 1580 2190 repugnantia
1602 2151 1627 2189 ,
1677 2107 2008 2174 antinomia
2041 2108 2342 2190 quaedam
2361 2126 2392 2190 3
2438 2099 2666 2170 diversi

764 2247 967 2302 tamen
1056 2229 1229 2300 fliete
1327 2244 1608 2300 auctores
1629 2275 1656 2312 ,
1761 2234 1869 2320 qui
1974 2235 2041 2302 in
2125 2235 2348 2301 eodem
2457 2230 2668 2298 codice

764 2363 1127 2431 contrariam
1174 2361 1530 2445 opinionem
1585 2375 1970 2446 posuerunt„
2025 2359 2182 2447 Quis
2221 2361 2422 2444 igitur
2456 2371 2665 2425 eorum

768 2491 993 2573 majore
1035 2485 1155 2554 fide
1208 2489 1431 2571 dignus
1480 2489 1908 2568 inquirendum
1932 2533 1957 2570 ,
2014 2507 2154 2556 nam
2217 2491 2399 2572 quod
2448 2466 2669 2552 alteru&

765 2627 861 2679 ter
922 2631 1131 2679 eorum
1194 2615 1477 2681 erraverit
1549 2629 1812 2682 certum.
1914 2615 2038 2682 Pro
2110 2614 2280 2684 Pauli
2335 2617 2661 2694 interprete

770 2739 967 2826 primo
1016 2739 1233 2806 militat
1282 2740 1534 2808 historia
1553 2785 1579 2822 ,
1633 2759 1788 2822 quae
1835 2743 1940 2828 jus
1974 2745 2235 2812 civitatis
2278 2762 2498 2826 parum
2539 2737 2664 2802 Ro-

773 2869 966 2938 manis
1028 2885 1103 2936 eo
1163 2881 1435 2952 tempore
1513 2871 1876 2937 convenisse
1945 2872 2150 2939 docet.
2265 2870 2554 2942 Secundo
2603 2862 2654 2928 si

772 3012 1037 3084 ponatur
1066 3019 1214 3085 GAJI
1250 3002 1694 3084 exploratorem
1743 3019 2014 3082 errasse,
2056 3000 2154 3066 hic
2209 3000 2270 3066 in
2319 3019 2396 3066 eo
2433 3007 2660 3063 tantum

778 3131 959 3214 eulpa
1022 3131 1321 3198 contraxit
1347 3177 1373 3212 ,
1416 3131 1610 3213 *quod
1651 3130 1968 3212 antiquum
2029 3143 2094 3195 et
2137 3129 2484 3196 obsoletum
2516 3123 2616 3207 jus
2637 3161 2660 3194 2

785 3257 955 3337 quod
1019 3272 1157 3324 ante
1217 3258 1697 3325 dominationem
1767 3253 2166 3323 Bai-batorum
2232 3256 2503 3337 viguerat
2524 3292 2548 3328 ‚
2599 3242 2659 3306 in

778 3383 991 3448 codice
1058 3403 1177 3451 suo
1219 3388 1391 3472 juxta
1434 3382 1706 3452 auctoris
1751 3351 1935 3449 verba
1968 3381 2254 3447 insereret
2272 3427 2294 3462 ‚
2337 3399 2448 3446 sua
2483 3381 2666 3441 aetate

782 3507 1053 3588 neglecta
1069 3557 1093 3592 ‚
1136 3513 1231 3579 ein
1286 3517 1435 3580 ‘vero
1486 3513 1637 3579 alter
1694 3508 1882 3577 falsas
1934 3508 2256 3591 protulerit
2303 3507 2617 3590 opiniones
2634 3537 2659 3574 2

783 3634 1023 3714 gravior
1078 3638 1192 3704 erit
1244 3640 1554 3707 accusatio
1575 3687 1600 3720 ,
1680 3657 1818 3706 nam
1887 3656 2087 3720 neque
2139 3635 2468 3715 intellexit,
2517 3637 2654 3710 quae

781 3755 865 3830 ita
918 3759 1073 3828 clara
1124 3778 1269 3830 sunt
1316 3782 1389 3830 ut
1436 3781 1768 3848 puerorum
1807 3778 2055 3849 captum
2113 3763 2230 3843 vix·
2265 3763 2542 3828 excedere
2569 3751 2664 3818 de·

2535 3880 2666 3957 bue·
