3000 4917
1268 395 1514 454 Ε
2048 387 2059 402 ’
2235 382 2354 471 169

522 574 717 665 Quod
752 587 954 640 autem
1015 573 1093 640 ad
1130 593 1365 656 poenae
1396 577 1754 643 servitutem
1801 572 2055 658 attinet,
2091 573 2239 643 nihil
2274 577 2358 644 de

442 723 513 772 ra
549 709 612 771 in
651 703 945 768 breviario
980 703 1244 785 dicitur,
1290 709 1569 788 quamvis
1608 709 1684 772 de
1717 690 1841 786 iia,
1901 702 2008 786 qui
2043 705 2107 772 in
2154 708 2356 790 priva-

446 846 661 897 torum
722 832 1079 915 rediguntur
1133 818 1500 901 ¹servitutem
1522 877 1548 918 ,
1589 838 1730 902 licet
1774 833 1936 902 forte
1969 847 2220 920 propter
2251 837 2356 904 de·

436 963 656 1026 lictum
684 999 712 1040 ,
754 972 827 1026 ut
858 974 1007 1026 sunt
1035 959 1319 1026 mulieres
1336 1007 1361 1041 ,
1406 979 1564 1044 quae
1601 968 1892 1028 adversus
1924 977 2170 1056 senatus
2206 981 2356 1030 con-

442 1091 675 1156 sultum
712 1106 1178 1154 cummanum
1206 1088 1405 1154 servis
1437 1105 1512 1154 se
1528 1089 1903 1157 tradiderunt
1923 1135 1948 1173 ,
1967 1091 2072 1158 fiat
2092 1093 2349 1160 mentio.

437 1217 611 1284 Hinc
675 1217 1019 1284 necessario
1070 1217 1354 1299 sequitur
1402 1215 1752 1298 Romania,
1810 1216 1930 1282 sub
1984 1217 2212 1284 Alarici
2264 1235 2357 1283 rc*

432 1348 669 1431 gimine
736 1345 1081 1413 viventibus
1100 1393 1126 1429 ‚
1205 1323 1440 1429 poenae
1513 1347 1868 1412 servitutem
1937 1365 2066 1414 non
2117 1347 2183 1412 in
2213 1364 2358 1412 usu

442 1473 639 1540 fuisse
657 1517 684 1554 ,
718 1487 825 1538 aut
858 1488 989 1535 cam
1023 1488 1193 1536 novo
1229 1469 1443 1563 codice
1465 1467 1662 1535 fuisse
1691 1469 2004 1537 abolitam.
2051 1469 2362 1538 Rescribit

442 1603 611 1668 enim
675 1566 1043 1667 Gothorum
1084 1597 1223 1662 Rex
1288 1598 1365 1664 ad
1414 1595 1808 1664 Timotheum
1863 1599 2145 1666 comitem
2190 1601 2360 1668 hisce

442 1727 676 1794 verbis.
758 1725 1085 1792 Providere
1140 1737 1203 1788 te
1250 1722 1543 1789 convenit
1594 1738 1666 1789 ut
1716 1725 1784 1790 in
1832 1723 1976 1792 foro
2029 1741 2144 1792 tuo
2194 1729 2362 1798 nulla

444 1899 492 1937 ,‚
534 1857 652 1922 alia
708 1855 809 1920 lex
863 1869 1065 1934 neque
1117 1852 1273 1936 juris
1340 1850 1606 1918 formula
1665 1850 1939 1945 proferre
1995 1855 2096 1920 vel
2168 1855 2357 1940 recipi

442 2025 489 2065 „
531 1996 997 2066 praesumatur;
1045 1979 1217 2061 quod
1263 1979 1322 2044 si
1366 1975 1601 2044 factum
1651 1976 1922 2048 fortasse
1967 1985 2354 2068 constiterit,

443 2151 487 2192 ‚‚
530 2127 636 2176 aut
687 2111 765 2174 ad
806 2107 1146 2190 periculum
1198 2108 1419 2188 capitis
1472 2107 1610 2188 tui,
1673 2089 1780 2174 aut
1833 2109 1910 2176 ad
1964 2109 2352 2195 dispendium

443 2280 487 2316 ,‚
528 2252 770 2302 tuarum
835 2235 1083 2301 noveris
1134 2231 1494 2300 facultatum
1513 2233 1558 2263 ’²
1608 2237 1779 2318 (8).
1867 2235 1936 2302 si
1986 2238 2176 2322 igitur
2205 2240 2356 2306 haec
2431 2221 2438 2225 ’

439 2365 623 2431 verba
706 2363 1045 2448 quidquam
1122 2363 1460 2444 valuerint,
1510 2356 1582 2429 ac
1639 2380 1776 2439 vera
1835 2367 1920 2431 sit
1977 2365 2357 2433 celeberrimi

444 2493 527 2558 de
572 2509 867 2559 sAwonv
920 2489 1260 2572 sententia,
1319 2508 1440 2572 qua
1475 2504 1679 2557 totum
1730 2491 1808 2558 ad
1840 2478 1962 2560 nos'
2005 2494 2358 2576 pervenisse

438 2620 806 2690 Breviarium
876 2630 1054 2703 putat
1117 2615 1269 2698 (9)
1290 2662 1315 2697 ‚
1400 2615 1653 2682 dubium
1712 2619 1948 2684 nullum
1999 2633 2142 2702 est,
2205 2621 2360 2703 quin

439 2751 698 2817 omissio
743 2750 946 2831 legum
970 2794 995 2829 ‚
1058 2763 1213 2828 quae
1264 2746 1607 2813 doctrinam
1665 2748 1742 2814 de
1789 2751 2082 2817 servitute
2121 2733 2356 2834 poenae

442 2879 799 2954 continent,
860 2890 1221 2958 argumento
1273 2874 1401 2953 sit,
1455 2875 1680 2940 ultimo
1732 2877 2048 2961 supplicio
2088 2890 2195 2942 aut
2231 2893 2358 2942 mc·

443 3003 573 3068 talli
630 3002 916 3084 operibus
975 3003 1141 3068 illam
1191 3001 1600 3086 subjunctam·
1638 3004 1911 3070 noluisse
1936 3002 2273 3068 Alaricum.

446 3163 454 3171 ·
528 3128 855 3226 Difficilius
926 3146 1073 3196 vero
1153 3145 1446 3210 apparet,
1519 3129 1670 3212 quid
1736 3130 1812 3194 de
1865 3129 2059 3194 media
2136 3115 2370 3210 capitis

443 3259 783 3326 minutione
864 3258 945 3330 in⁸
1007 3275 1541 3324 vtsroo‘rnossum
1617 3258 1851 3324 ditione
1923 3258 2354 3342 statuendum,

448 3399 729 3472 respectu
807 3383 1101 3469 illorum3
1176 3387 1288 3470 qui
1342 3385 1628 3454 Romana
1685 3387 1820 3471 lege
1883 3385 2197 3454 vivebant.
2296 3389 2360 3454 A

443 3518 638 3602 priori
704 3529 907 3586 autem
930 3561 967 3624 ⁹„
1021 3529 1094 3581 ut
1135 3513 1219 3581 ita
1270 3514 1467 3582 dicam
1495 3560 1546 3598 ‚.
1583 3515 1820 3583 veritati
1881 3514 2227 3598 proximum
2275 3514 2359 3580 si·
2436 3501 2468 3606 ‘-

2228 3645 2360 3710 cuti

450 3819 459 3826 “
551 3838 678 3904 (8)
722 3835 875 3902 Apud
919 3847 1150 3890 amram
1199 3825 1393 3890 Gesch}
1444 3843 1537 3890 des
1597 3843 1671 3894 R.
1725 3843 1801 3894 R.
1851 3840 1995 3892 Tom.
2046 3837 2118 3891 11.
2159 3847 2219 3902 p·
2255 3847 2343 3901 29·

550 3923 671 3988 (9)
722 3921 915 3976 Gescte.
962 3923 1055 3974 des
1107 3922 1182 3976 R.
1229 3923 1302 3977 R.
1352 3925 1419 3973 ἐπι
1473 3924 1786 3988 Mittelale,
1824 3923 1966 3974 Tom.
2001 3923 2072 3974 n.
2101 3931 2162 3986 p,
2191 3933 2276 3983 50.

1430 4028 1491 4095 Y
