3000 4917
666 359 787 414 ῃ,
1480 339 1726 384 ῌ

666 535 759 606 tio
802 533 982 604 banni
1034 529 1407 614 pxincipibus
1450 529 1778 596 commissa‘
1825 529 2021 598 fuerat
2035 575 2062 614 ‚
2115 495 2224 615 qui
2250 511 2399 599 'non
2427 547 2574 602 tan-.-

670 679 797 730 tum
844 657 1141 742 Imperiali
1190 655 1548 726 auctoritate
1597 657 1710 722 sed
1759 656 2004 741 speciali
2057 671 2312 742 propter
2375 661 2570 742 patris

663 787 897 854 medem
960 783 1049 854 ira
1083 797 1151 851 et
1200 782 1463 854 vindicta
1499 783 1890 853 ducebantur.
1995 783 2172 852 Nihil
2223 784 2412 868 igitur
2457 803 2566 852 ne·

662 913 977 998 glexerunt
1032 932 1165 994 quo
1210 926 1402 980 totam
1450 909 1779 982 sententiae
1823 911 1950 980 vim
1999 910 2120 980 reis
2169 912 2562 994 applicarent·

664 1039 895 1124 Neque
940 1021 1145 1106 tainen
1182 1010 1522 1123 ⁸propterea
1561 1038 1990 1107 admittendum
2007 1084 2034 1122 ,
2081 1040 2254 1122 quod
2305 1037 2563 1106 mandati

665 1167 827 1236 fines
855 1165 1086 1251 egressi
1132 1165 1257 1236 sint
1276 1215 1303 1250 ,
1342 1186 1480 1234 nam
1513 1166 1769 1234 terribile
1805 1166 1954 1248 quid
1990 1181 2052 1232 et
2091 1165 2333 1234 crudele
2373 1167 2564 1235 fuisse

670 1296 841 1380 qnod
866 1293 1167 1362 forbanno
1184 1341 1210 1378 ‚
1247 1309 1321 1363 ut
1346 1313 1532 1379 supra
1557 1315 1594 1362 a
1607 1313 1704 1362 me
1739 1315 1812 1363 ex
1831 1293 2098 1380 positum
2117 1308 2214 1361 est
2228 1341 2254 1378 ‚
2273 1309 2400 1362 non
2417 1313 2566 1360 con·

668 1423 964 1505 tineatur,
1010 1427 1114 1490 vix
1160 1422 1541 1490 crediderim.

756 1549 963 1636 Hujus
1012 1564 1212 1618 tamen
1268 1549 1593 1618 formulam
1657 1551 1858 1619 adhuc
1897 1550 2019 1620 sub
2065 1569 2360 1618 namuco
2415 1549 2562 1615 VH.

573 1711 585 1728 ·
674 1677 739 1746 in
765 1697 885 1746 usu
912 1677 1152 1762 fuisse,
1188 1679 1403 1746 exinde
1446 1680 1780 1762 probatur,
1821 1679 1990 1762 quod
2016 1679 2134 1746 sub
2169 1697 2431 1744 cauom
2473 1675 2564 1742 lv

682 1805 761 1874 ad
790 1805 913 1872 huc
948 1804 1200 1874 valuerit
1230 1805 1293 1872 in
1328 1805 1623 1874 sententia
1661 1825 1999 1877 fflm'rvrn
2037 1824 2168 1872 nes
2205 1807 2563 1872 xiicnnens

678 1931 787 2016 qui
812 1951 975 2000 anno
1012 1937 1169 2015 137⁶
1202 1953 1239 2000 a
1270 1951 1642 2000 rmmsmo
1681 1935 1858 2002 Duce
1885 1931 2288 2000 Teschinensi
2309 1979 2331 2013 ,
2355 1929 2568 2016 Judice

678 2059 949 2141 Aulico,
976 2060 1357 2142 proscriptus
1406 2075 1542 2143 est,
1587 2061 1756 2142 quod
1787 2061 2001 2128 deinde
2043 2060 2286 2144 abipso
2315 2059 2575 2142 Impera-

684 2197 819 2252 tore
856 2186 1268 2255 confirmatum
1312 2201 1433 2254 est.
1476 2187 1512 2270 (
1525 2206 1606 2270 90
1625 2189 1668 2274 )

766 2315 959 2404 Quod
1018 2315 1075 2382 si
1116 2315 1237 2401 jam
1294 2312 1720 2402 investigemus
1750 2314 1960 2384 delicta
1978 2361 2004 2398 ‚
2055 2314 2280 2398 quibus
2323 2313 2572 2382 forban·

690 2462 838 2510 num
898 2465 1011 2512 seu
1062 2442 1389 2529 Imperialis
1438 2442 1808 2530 proscriptio
1845 2443 2080 2510 solebat
2121 2442 2447 2527 applicari3
2487 2443 2579 2510 di-

692 2568 951 2636 cendum
1001 2584 1137 2652 est,
1173 2571 1366 2640 fuisse
1394 2575 1846 2640 contumaciam
1876 2575 1948 2638 in
1989 2573 2249 2638 crimine
2283 2571 2572 2660 capitali.

688 2691 849 2758 Nam
900 2693 1012 2760 etsi
1034 2693 1221 2779 judex
1268 2695 1518 2764 inferior
1563 2697 1641 2766 ad
1677 2697 2047 2781 superiorem
2084 2717 2264 2767 suum
2311 2703 2575 2768 bannum

692 2817 925 2888 deferre
960 2821 1227 2906 potuerit
1240 2871 1266 2908 ‚
1323 2821 1422 2889 hic
1471 2843 1618 2891 vero
1663 2844 1878 2894 rursus
1905 2825 1985 2894 ab
2014 2825 2374 2910 Imperatore
2407 2845 2576 2894 sum-

697 2968 865 3016 mum
898 2947 1213 3034 impetrare
1249 2949 1656 3038 forbannum3
1689 2971 1766 3022 an
1810 2953 1876 3021 in
1925 2954 2256 3028 levioribus
2282 2955 2400 3022 tale
2431 2952 2578 3037 quid

696 3076 984 3147 usitatum
1058 3077 1240 3148 fuerit
1298 3081 1473 3148 valde·
1535 3081 1749 3150 dubito
1765 3129 1790 3166 ,
1839 3083 2055 3152 rationi
2099 3083 2261 3160 enim
2278 3130 2304 3166 ,
2347 3103 2470 3166 qua
2500 3099 2578 3146 ne

693 3217 844 3272 tunc
897 3207 1137 3290 quidem
1190 3207 1467 3276 homines
1517 3208 1736 3293 privati
1754 3256 1781 3294 ,
1834 3224 2128 3296 repugnat
2172 3230 2242 3276 ac
2283 3225 2580 3294 praeterea

669 3329 1273 3415 ‚jurisconsultorum
1300 3335 1794 3411 doctissimorum
1829 3337 2038 3407 nititur
2068 3339 2419 3407 auctoritate
2449 3355 2578 3402 mea

2448 3481 2586 3546 opi-

802 3687 837 3748 (
851 3687 961 3752 90)
1005 3689 1137 3740 Vld·
1181 3703 1441 3744 tantvm
1470 3693 1736 3758 Reliquiae
1765 3695 2214 3761 manuscriptorum
2259 3690 2417 3745 omnis
2454 3687 2575 3740 aeui

712 3767 857 3821 TW·
890 3771 987 3823 Ν·
1011 3784 1162 3838 pag.
1209 3789 1329 3838 303.
1360 3777 1450 3827 ubi
1477 3779 1584 3842 ipsa
1606 3776 1786 3842 iudicis
1812 3781 2059 3838 sententia
2089 3794 2202 3833 cum
2233 3775 2413 3842 Regali
2453 3786 2582 3826 con·

710 3849 985 3904 firmadone
1028 3859 1335 3911 verbotenus
1376 3859 1619 3916 redditur.
