3000 4917
711 332 839 402 240
1547 324 1794 392 ...⁸2⁸⁸-

700 512 851 599 Jure
943 510 1179 579 Gallico
1262 529 1333 577 ac
1413 504 1699 578 Romano
1784 511 1963 593 plane
2040 507 2448 592 conveniant,
2523 507 2641 580 hic

711 643 885 707 etiam
931 641 1111 722 plane
1145 655 1494 705 consonant
1532 656 1598 705 et
1631 640 1939 722 analogiae
1990 639 2167 707 locus
2217 650 2358 721 est;
2414 639 2639 721 proin·

711 768 788 833 de
846 767 964 832 hac
1029 765 1364 850 hypothesi
1432 782 1597 831 recte
1658 766 1917 832 civiliter
1986 766 2218 833 mortui
2274 767 2489 850 legatis
2549 783 2631 834 ac

707 892 1287 960 fideicommissariis
1355 891 1819 959 haereditatibus
1880 892 2216 962 abstinent.
2319 891 2461 960 Hoc
2511 915 2627 961 au·

709 1036 836 1087 tem
918 1036 1048 1088 non
1116 1022 1235 1102 ita,
1311 1020 1455 1102 quia
1530 1020 1840 1085 civitatem
1890 1023 2230 1104 amittunt,
2284 1022 2607 1105 aequitum

709 1151 820 1215 sed
852 1150 997 1231 qula
1031 1148 1370 1215 testamenti
1408 1147 1733 1214 factionem
1770 1164 1899 1214 non
1947 1149 2175 1216 habent
2195 1165 2310 1230 ,ac
2359 1169 2433 1215 ex
2459 1149 2613 1233 Jure

709 1274 994 1343 Romano
1038 1276 1102 1341 in
1158 1275 1424 1342 Galliam
1482 1288 1729 1359 recepto
1799 1278 1933 1345 sine
1977 1278 2100 1345 hoc
2157 1295 2339 1344 nemo
2387 1293 2460 1343 ex
2496 1292 2625 1343 tes·

710 1416 985 1469 umento
1054 1419 1269 1485 capere
1345 1406 1570 1486 possit.
1677 1404 1766 1470 At
1834 1406 1894 1472 si
1951 1423 2091 1471 cum
2147 1405 2224 1470 de
2270 1405 2623 1471 testamenti

711 1528 982 1598 factione
1032 1545 1302 1612 ageretur
1350 1551 1591 1615 operam
1644 1554 1716 1599 ac
1773 1536 1973 1601 oleum
2020 1526 2424 1618 perdiderint,
2464 1533 2629 1615 quid

712 1662 792 1727 de
855 1660 1175 1727 nobilitate
1251 1662 1514 1729 civiliter
1589 1665 1850 1728 mortuis
1933 1666 2168 1731 ademta
2237 1665 2560 1730 dicendum
2580 1665 2619 1729 *ἔ

712 1787 957 1857 Etenim
1032 1788 1192 1854 hanc
1266 1787 1681 1871 quaestionem
1763 1808 2056 1875 perpetua
2120 1794 2223 1860 illa
2277 1791 2531 1877 hypoth
2560 1793 2627 1860 si

710 1917 1194 1997 confirmarunt,
1256 1917 1515 1984 civiliter
1583 1931 1896 1985 mortuum
1975 1920 2278 1986 civitatem
2353 1921 2625 1986 amittere

709 2046 1129 2115 Romanorum
1191 2046 1508 2116 fundatam
1584 2051 1650 2116 in
1713 2049 1833 2130 iis,
1896 2066 2058 2133 quae
2128 2050 2204 2123 de
2272 2049 2623 2114 decurioni·

708 2177 829 2243 bus
904 2191 1230 2259 supersunt
1302 2179 1632 2244 multorum
1714 2177 2040 2255 verborum
2107 2178 2435 2260 pharagine
2505 2179 2615 2242 de-

711 2302 957 2374 finiunt.
1035 2303 1233 2391 ‘Quid
1283 2305 1441 2371 enim
1528 2306 1966 2388 caeteroquin,
2050 2319 2299 2369 necesse
2371 2321 2407 2367 e
2469 2301 2625 2386 Jure

701 2433 1084 2518 justinianeo
1149 2433 1448 2500 nobilium
1509 2434 1645 2518 J‘ura
1710 2447 1977 2515 repetere
2000 2476 2026 2512 ,
2106 2447 2262 2513 quae
2317 2432 2624 2496 recentio-

705 2560 875 2624 ribus
944 2559 1193 2639 populis
1223 2603 1250 2639 ,
1325 2561 1411 2626 ita
1477 2561 1767 2644 propria,
1847 2576 1958 2640 ut,
2039 2574 2179 2625 cum
2227 2573 2435 2625 omnes
2479 2556 2617 2640 jam

706 2683 816 2749 diu
885 2683 1047 2762 leges
1120 2680 1426 2748 Romanas
1501 2685 1754 2768 periisse
1808 2685 2011 2751 adhuc
2044 2656 2438 2768 ‘cogitarent,
2497 2700 2625 2748 no·

704 2812 916 2880 bilium
950 2805 1300 2894 privilegia,
1354 2810 1612 2878 crimina
1665 2830 1737 2876 ac
1793 2829 2032 2894 poenae
2085 2810 2288 2897 Reges
2340 2829 2409 2876 ac
2451 2811 2627 2896 judi·

705 2955 811 3002 ces
859 2952 1188 3019 vexarunt,
1248 2956 1320 3004 ac
1371 2941 1455 3005 ita
1491 2958 1634 3007 cum
1688 2946 1959 3024 gentium
1999 2941 2233 3006 illarum
2285 2955 2451 3008 statu
2488 2908 2624 3006 'co-

706 3063 988 3148 haerent,
1055 3080 1128 3130 ut
1181 3086 1307 3135 non
1357 3082 1590 3136 tantum
1644 3071 1905 3152 inutile,
1973 3068 2085 3136 sed
2152 3085 2470 3134 erroneum
2533 3070 2624 3135 sit

703 3193 858 3260 adeo
912 3193 1139 3260 limites
1210 3191 1379 3279 Juris
1450 3194 1721 3262 Romani
1778 3195 2138 3276 extendere,
2193 3196 2315 3262 nisi
2365 3197 2619 3264 Conna-

704 3340 854 3390 num
912 3321 1080 3388 illum
1128 3323 1351 3390 imitari
1405 3322 1706 3403 velimus,
1770 3323 1879 3405 qui
1934 3322 2205 3423 spissum
2255 3322 2475 3390 librum
2531 3326 2618 3392 de

701 3452 910 3522 feudis
976 3454 1315 3520 secundum
1387 3450 1554 3537 Juris
1615 3450 1885 3518 Romani
1930 3450 2228 3534 principia
2292 3450 2620 3532 conscrip-

701 3581 810 3645 sit.
907 3580 1022 3647 Uti
1060 3596 1259 3647 autem
1314 3581 1389 3646 de
1444 3566 1866 3658 matrimonio,
1926 3579 2001 3642 de
2072 3577 2472 3656 haereditate,
2533 3578 2617 3642 de

700 3704 1055 3787 nobilitate,
1113 3708 1196 3774 ita
1264 3707 1341 3774 de
1409 3707 1764 3774 testimonio
1833 3720 2204 3786 caeteraque.
2289 3704 2379 3769 At
2432 3705 2622 3772 sicuti

623 3837 629 3843 ’
706 3830 962 3900 civiliter
1008 3834 1270 3903 mortuis
1334 3836 1683 3904 adimuntur
1700 3878 1726 3918 ,
1786 3851 1943 3917 quae
1996 3847 2152 3901 sunt
2208 3831 2366 3918 juris
2411 3834 2617 3897 civilis
2723 3882 2730 3890 .

2310 3958 2321 3965 “
2467 3955 2579 4022 Ro
