3000 4917
638 403 763 479 186
1480 395 1726 434 ⁸·-

1482 441 1722 465 ῤ-

645 592 941 682 agathias
992 585 1147 676 (25)
1165 636 1190 673 ,
1240 587 1352 656 ubi
1392 585 1871 656 chlodomirum
1917 602 1956 651 a
2002 581 2560 668 Burgundionibus

650 713 1037 792 interemtum
1061 759 1090 798 ‚
1137 732 1210 783 ac
1265 731 1475 781 comae
1523 711 1905 797 longitudine
1955 709 2264 778 detectum
2315 730 2508 782 narrat
2524 733 2548 782 z

655 893 701 936 ‚,
740 848 813 916 1d
864 845 1254 932 praecipuum
1320 840 1509 908 decus
1573 839 1851 923 Regibus
1922 841 2328 910 constitutum
2409 857 2506 910 est
2523 888 2552 927 ,

654 974 811 1044 solis
860 984 934 1038 ut
982 969 1263 1055 Regibus
1312 965 1694 1052 permittatur
1711 1011 1737 1048 ,
1807 983 1945 1036 nam
2009 969 2238 1040 subditi
2295 974 2553 1046 circum-

660 1101 833 1170 tonsi
879 1112 1029 1168 sunt
1090 1113 1305 1166 omnes
1323 1139 1348 1178 ,
1398 1093 1698 1180 prolixior
1753 1095 1853 1162 his
1902 1115 2081 1166 coma
2133 1096 2560 1168 conceditur?

660 1228 960 1299 Palatium
994 1224 1184 1309 igitur
1234 1223 1487 1308 proprio
1539 1241 1726 1290 sensu
1777 1223 1882 1290 hic
1933 1227 2198 1296 sumitur
2216 1271 2243 1310 ,
2293 1245 2364 1293 ac
2420 1244 2560 1294 sen-

670 1375 785 1428 sus
847 1355 1000 1441 legis
1052 1366 1184 1420 oet:
1256 1350 1450 1436 Regis
1526 1352 1861 1438 propinqui
1881 1399 1906 1436 ,
2009 1355 2118 1436 qul
2185 1352 2564 1420 incestuosas

670 1484 921 1571 nuptias
967 1479 1338 1550 contrahunt
1356 1526 1382 1562 ,
1423 1498 1459 1547 e
1497 1496 1839 1566 conspectu
1891 1483 2194 1566 Principis
2251 1501 2566 1552 removen-

676 1629 818 1697 tur,
865 1631 938 1681 ac
1004 1607 1165 1678 bona
1215 1627 1329 1677 sua
1380 1609 1589 1676 statim
1639 1609 1924 1695 legitimis
1971 1611 2288 1678 heredibus
2336 1611 2568 1678 tradere

680 1755 991 1828 coguntur
1005 1786 1032 1825 ‚
1076 1759 1155 1808 ne
1209 1739 1544 1808 incestuosi
1579 1739 1754 1807 liberi
1795 1759 1866 1806 ea
1915 1741 2259 1824 adquirant.
2341 1739 2570 1824 Negari

682 1883 882 1939 tamen
944 1869 1160 1953 nequit
1178 1915 1204 1950 ,
1278 1869 1405 1953 iam
1478 1867 1600 1935 sub
1657 1867 2078 1952 Merovin‘gica
2145 1871 2333 1953 stirpe
2391 1869 2577 1953 Epis-

688 2014 995 2082 coporum
1056 1997 1473 2062 auctoritatem
1528 1995 1591 2062 in
1632 1997 1838 2062 multis
1870 1997 2173 2078 conspici.
2256 1997 2391 2064 Hac
2421 2010 2582 2063 aeta·

686 2135 758 2190 te
786 2137 989 2191 tamen
1012 2167 1034 2204 ,
1076 2121 1626 2190 excommunicatio
1663 2121 1858 2205 magis
1905 2139 1985 2188 eo
2017 2123 2213 2188 tendit
2237 2168 2261 2204 ,
2293 2136 2362 2188 ut
2389 2123 2585 2188 delin-

704 2266 961 2336 quentoe
992 2251 1387 2336 resipiscant,
1410 2270 1596 2336 quam
1613 2266 1680 2320 ut
1695 2269 1925 2336 poenae
1957 2253 2093 2319 loco
2113 2250 2216 2318 sit.
2272 2247 2434 2316 Hinc
2460 2268 2590 2316 sae·-

700 2381 952 2466 pissime
994 2381 1073 2449 iis
1095 2426 1119 2462 ,
1178 2379 1285 2464 qui
1333 2379 1411 2447 ad
1466 2379 1778 2447 Ecclesiae
1833 2379 2038 2446 sinum
2095 2379 2285 2446 redire
2330 2381 2591 2458 nolunt,

702 2510 1069 2593 temporales
1088 2553 1112 2589 ,
1164 2521 1237 2574 ut
1288 2509 1373 2574 ita
1406 2507 1601 2574 dicam
1622 2553 1648 2590 ,
1689 2525 1924 2592 poenae
1965 2520 2333 2574 statuuntur.
2415 2505 2594 2572 Prae-

704 2645 866 2699 terea
949 2635 1048 2699 vis
1092 2633 1395 2714 interdicti
1443 2637 1718 2702 nondum
1766 2653 1842 2703 eo
1903 2648 2282 2721 processerat
2300 2680 2327 2718 ‚
2374 2647 2446 2701 ut
2477 2633 2598 2700 ho·

708 2759 903 2829 mines
989 2760 1578 2828 excommunicatum
1600 2806 1627 2844 ‚
1720 2763 1892 2845 quasi
1981 2779 2157 2847 peste
2239 2777 2343 2830 aut
2433 2764 2602 2845 lepra

708 2884 1013 2956 infectum
1094 2888 1382 2957 vitarent.
1518 2887 1659 2956 sive
1743 2890 1906 2958 enim
2005 2890 2198 2958 rarius
2287 2888 2362 2954 ad
2427 2885 2605 2954 Divi-

712 3033 855 3086 nam
920 3015 1152 3100 Legem
1212 3016 1584 3099 respicerent
1601 3061 1628 3099 ‚
1711 3017 1842 3085 sive
1897 3019 2069 3100 quod
2125 3015 2262 3083 Arii
2327 2993 2606 3098 opinioni

716 3143 841 3210 bus
896 3141 1172 3211 faverent
1188 3189 1215 3227 ‚
1280 3163 1497 3229 parum
1555 3145 1913 3216 Catholicae
1969 3145 2284 3213 Ecclesiae
2338 3141 2613 3208 mandata

720 3273 1011 3344 curabant
1024 3319 1051 3357 ‚
1112 3288 1295 3358 atque
1342 3293 1451 3343 eae
1509 3291 1741 3359 poenae
1789 3290 1947 3358 quae
1990 3275 2181 3359 vulgo
2245 3273 2312 3340 in
2359 3287 2617 3341 canon

2427 3399 2621 3468 Edic-

836 3629 987 3694 (ιε)
1048 3631 1241 3700 Agath.
1304 3629 1436 3685 Bell.
1498 3629 1786 3684 Gothorum
1831 3631 1954 3687 Lib.
2001 3629 2054 3688 1.
2102 3629 2167 3683 c.
2213 3643 2268 3692 3·
2318 3628 2390 3685 cf.
2429 3631 2616 3682 mco-r.

740 3711 1069 3860 fflsezddzegit
1084 3715 1312 3806 <3aequst
1360 3718 1505 3771 Tam.
1556 3718 1655 3773 111.
1703 3727 1762 3782 p.
1813 3713 1922 3832 216.
1969 3715 2058 3780 qul
2087 3711 2229 3780 plura
2269 3712 2418 3767 etlam
2447 3727 2622 3766 exem-
