3000 4917
705 362 791 444 76
1521 365 1766 426 Ξ

700 569 883 636 grave
934 547 1299 632 supplicium
1352 545 1576 616 factum
1651 547 1748 614 est
1797 547 2212 634 sbrbannum.
2245 549 2256 556 ’
2299 550 2474 618 Unde
2506 562 2596 622 ta-

698 695 838 747 men
872 693 999 744 non
1025 675 1177 742 mihi
1208 675 1620 742 deducendum
1669 672 1906 742 videtur
1924 721 1950 757 ,
1999 675 2310 744 latrocinio
2363 691 2591 744 tantum

696 803 887 876 fuisse
948 801 1331 889 applicatum.
1436 802 1598 868 Nam
1659 801 1774 870 etsi
1820 803 2209 871 democratiae
2241 804 2588 899 reliquiae,

692 949 765 1000 ac
826 928 1005 1014 Regii
1072 927 1307 1022 imperii
1362 927 1456 996 vis
1500 926 1915 996 auctoritatem
1980 929 2275 1024 nobilium
2331 933 2430 998 vel
2473 950 2591 1014 po-

690 1055 1017 1132 tentiorum
1046 1055 1423 1122 insolentiam
1452 1053 1518 1122 in
1545 1055 1750 1124 multis
1775 1057 2258 1146 ,comprimerent
2273 1105 2298 1140 ‚
2349 1058 2587 1128 fierent

690 1198 890 1252 tamen
940 1203 1017 1250 ex
1080 1182 1179 1250 his
1192 1229 1218 1265 ,
1296 1181 1405 1266 qui
1448 1182 1882 1252 vastationibus
1939 1199 2003 1251 et
2055 1184 2337 1254 incendiis
2393 1187 2589 1252 delec-

690 1313 973 1385 tationem
1024 1323 1373 1394 quaererent
1390 1356 1416 1392 ,
1490 1311 1574 1376 im
1623 1324 1696 1378 ut
1763 1312 1915 1378 latro
1975 1329 2104 1378 non
2131 1384 2142 1394 ⁶
2165 1331 2399 1396 semper
2447 1311 2584 1376 infi-

686 1459 818 1509 mae
857 1438 1065 1506 classis
1116 1439 1303 1505 homo
1350 1436 1624 1522 intelligi,
1646 1438 1878 1506 debeat.
1961 1439 2261 1506 Praeterea
2315 1455 2441 1504 non
2483 1452 2578 1505 est

682 1565 961 1636 credibile
980 1613 1005 1648 ‚
1033 1565 1109 1633 ab
1142 1563 1393 1648 antiquo
1444 1535 1612 1633 more
1630 1611 1656 1647 ,
1697 1583 1826 1648 quo
1853 1565 2064 1650 capitis
2098 1563 2352 1634 damnati
2387 1584 2575 1648 prop-

685 1707 781 1760 ter
816 1692 1248 1762 contumaciam
1278 1711 1423 1776 pace
1455 1691 1800 1775 privabatur
1816 1739 1845 1774 ‚
1883 1690 2072 1760 fuisse
2118 1711 2422 1760 recessum
2441 1739 2467 1773 ‚
2497 1711 2571 1758 eo

683 1835 955 1904 tempore
976 1867 1002 1904 ,
1070 1839 1199 1903 quo
1284 1817 1562 1888 ultimum
1631 1818 1900 1904 mitigare
1973 1819 2334 1904 supplicium
2391 1832 2572 1902 atque

684 1947 1035 2032 expulsione
1118 1944 1361 2014 crimina
1432 1951 1695 2014 coerceri
1757 1944 2040 2015 vidimus.
2153 1947 2314 2014 Illud
2373 1961 2572 2034 tamen

680 2073 891 2145 exinde
962 2073 1252 2158 probatur
1314 2085 1459 2140 tunc
1517 2071 1792 2156 coepisse
1863 2073 1970 2156 qui
2009 2086 2171 2142 extra
2209 2075 2396 2158 legem
2425 2093 2567 2174 ,po-

680 2215 965 2272 nerentur
978 2247 1007 2286 ,
1048 2199 1425 2270 forbannitos
1473 2200 1706 2270 vocari.
2033 2277 2040 2284 ,

760 2330 1047 2400 Errorem
1106 2344 1303 2396 tamen
1352 2329 1722 2408 committere
1772 2327 2049 2394 videntur
2064 2375 2089 2410 ‚
2153 2326 2266 2409 qui
2319 2327 2440 2412 jam
2485 2343 2564 2392 eo

680 2470 950 2542 tempore
1006 2477 1113 2526 eos
1172 2458 1409 2524 exsules
1465 2457 1757 2540 dixerintg,
1811 2453 2087 2522 exsilium
2135 2455 2290 2520 enim
2341 2469 2402 2521 et
2441 2453 2566 2520 for·

680 2584 947 2650 bannum
984 2583 1333 2664 nullatenus
1367 2598 1510 2650 sunt
1541 2581 1966 2650 confundenda
1984 2628 2010 2665 ,
2061 2601 2202 2650 cum
2235 2583 2411 2665 plane
2442 2581 2564 2648 dis-

679 2707 893 2782 similia
958 2707 1322 2776 contineant.
1418 2707 1588 2795 Quid
1649 2723 1848 2778 autem
1899 2728 2010 2793 per
2059 2709 2298 2778 exilium
2351 2707 2562 2772 intelli-

676 2847 853 2922 gatur
866 2881 892 2918 ,
940 2854 1014 2902 ex
1070 2832 1353 2902 historica
1403 2834 1889 2920 interpretatione
1927 2836 2048 2904 loci
2075 2837 2384 2922 cujusdam
2411 2833 2560 2918 legis

678 2963 969 3048 saxoniae
1017 2981 1144 3030 non
1178 2965 1407 3046 magnis
1444 2962 1776 3032 obnoxium
1829 2963 2294 3032 difficultatibus.
2379 2961 2566 3050 Quod

679 3091 839 3158 enim
886 3091 973 3158 ibi
1034 3093 1185 3174 (4¹)
1248 3092 1501 3160 traditur
1539 3091 1616 3158 de
1665 3105 1926 3176 patrono
1977 3091 2041 3156 in
2084 3091 2323 3157 exilium
2379 3089 2564 3157 misso

677 3237 807 3290 non
840 3241 917 3294 ex
944 3219 1186 3304 antiqua
1222 3220 1437 3306 populi
1484 3219 1920 3289 consuetudine
1964 3217 2348 3320 repetendum
2367 3263 2394 3300 ‚
2423 3235 2564 3284 cum

678 3345 747 3414 in
784 3350 953 3443 nullo
1002 3348 1209 3416 codice
1226 3394 1252 3430 ,
1294 3347 1408 3416 m'si
1462 3348 1526 3413 in
1571 3347 1954 3432 Capitulariis
2016 3358 2380 3412 memoretur
2397 3390 2422 3425 ‚
2456 3341 2561 3426 sed

682 3471 759 3542 de
820 3472 895 3540 iis
942 3473 1283 3542 hominibus
1344 3472 1453 3556 qui
1500 3487 1751 3558 propter
1809 3474 2046 3540 crebras
2099 3473 2381 3540 adversus
2447 3487 2567 3532 cn-

683 3616 923 3668 Rotuu
968 3621 1269 3668 maenum
1306 3599 1806 3684 insurrectiones,
1901 3601 2029 3671 Ao,
2089 3605 2227 3684 804.
2289 3596 2362 3664 ab
2419 3592 2564 3661 Albi

2455 3721 2569 3790 flu·

784 3864 935 3934 (41)
979 3867 1104 3925 vla.
1152 3871 1264 3922 Lex
1311 3873 1570 3924 saxonum
1614 3873 1726 3928 ree.
1771 3869 1947 3946 var.
2595 3833 2599 3837 ¹
