<?xml version="1.0" encoding="UTF-8"?>
<!DOCTYPE html PUBLIC "-//W3C//DTD XHTML 1.0 Transitional//EN"
    "http://www.w3.org/TR/xhtml1/DTD/xhtml1-transitional.dtd">
<html xmlns="http://www.w3.org/1999/xhtml" xml:lang="en" lang="en">
 <head>
  <title>
</title>
<meta http-equiv="Content-Type" content="text/html;charset=utf-8" />
  <meta name='ocr-system' content='tesseract 3.04.00' />
  <meta name='ocr-capabilities' content='ocr_page ocr_carea ocr_par ocr_line ocrx_word'/>
</head>
<body>
  <div class='ocr_page' id='page_1' title='image "./demortecivili00unkngoog_0217.png"; bbox 0 0 3000 4917; ppageno 0'>
   <div class='ocr_carea' id='block_1_1' title="bbox 1263 399 2335 469">
    <p class='ocr_par' dir='ltr' id='par_1_1' title="bbox 1263 399 2335 469">
     <span class='ocr_line' id='line_1_1' title="bbox 1263 399 2335 469; baseline 0 -1"><span class='ocrx_word' id='word_1_1' title='bbox 1263 399 1509 442; x_wconf 56' lang='grc' dir='ltr'>-ῡ-</span> <span class='ocrx_word' id='word_1_2' title='bbox 2213 419 2335 469; x_wconf 78' lang='grc' dir='ltr'>2οι</span> 
     </span>
    </p>
   </div>
   <div class='ocr_carea' id='block_1_2' title="bbox 1267 449 1509 470">
    <p class='ocr_par' dir='ltr' id='par_1_2' title="bbox 1267 449 1509 470">
     <span class='ocr_line' id='line_1_2' title="bbox 1267 449 1509 470; baseline 0 4447"><span class='ocrx_word' id='word_1_3' title='bbox 1267 449 1509 470; x_wconf 95' lang='lat' dir='ltr'> </span> 
     </span>
    </p>
   </div>
   <div class='ocr_carea' id='block_1_3' title="bbox 358 591 2350 3596">
    <p class='ocr_par' dir='ltr' id='par_1_3' title="bbox 438 591 2348 1819">
     <span class='ocr_line' id='line_1_3' title="bbox 444 591 2348 680; baseline -0.002 -17"><span class='ocrx_word' id='word_1_4' title='bbox 444 611 609 664; x_wconf 74' lang='lat' dir='ltr'>retur</span> <span class='ocrx_word' id='word_1_5' title='bbox 631 639 654 678; x_wconf 91' lang='lat'><strong>‚</strong></span> <span class='ocrx_word' id='word_1_6' title='bbox 692 611 829 661; x_wconf 86' lang='lat' dir='ltr'>nam</span> <span class='ocrx_word' id='word_1_7' title='bbox 880 607 953 658; x_wconf 88' lang='lat' dir='ltr'>ut</span> <span class='ocrx_word' id='word_1_8' title='bbox 1008 592 1091 658; x_wconf 87' lang='lat' dir='ltr'>ait</span> <span class='ocrx_word' id='word_1_9' title='bbox 1138 591 1403 659; x_wconf 85' lang='lat' dir='ltr'>Bracton</span> <span class='ocrx_word' id='word_1_10' title='bbox 1452 593 1670 676; x_wconf 59' lang='lat'><strong>(40⁸.</strong></span> <span class='ocrx_word' id='word_1_11' title='bbox 1746 594 1993 680; x_wconf 87' lang='lat' dir='ltr'>Justum</span> <span class='ocrx_word' id='word_1_12' title='bbox 2037 607 2134 659; x_wconf 88' lang='lat' dir='ltr'>est</span> <span class='ocrx_word' id='word_1_13' title='bbox 2176 595 2348 678; x_wconf 55' lang='lat' dir='ltr'>judii</span> 
     </span>
     <span class='ocr_line' id='line_1_4' title="bbox 446 707 2344 806; baseline -0.002 -16"><span class='ocrx_word' id='word_1_14' title='bbox 446 726 656 803; x_wconf 87' lang='lat' dir='ltr'>cium,</span> <span class='ocrx_word' id='word_1_15' title='bbox 720 722 891 806; x_wconf 89' lang='lat' dir='ltr'>quod</span> <span class='ocrx_word' id='word_1_16' title='bbox 932 707 1087 787; x_wconf 56' lang='lat' dir='ltr'>&#39;sine</span> <span class='ocrx_word' id='word_1_17' title='bbox 1138 723 1271 806; x_wconf 84' lang='lat' dir='ltr'>lege</span> <span class='ocrx_word' id='word_1_18' title='bbox 1322 735 1389 786; x_wconf 86' lang='lat' dir='ltr'>et</span> <span class='ocrx_word' id='word_1_19' title='bbox 1442 719 1717 805; x_wconf 81' lang='lat' dir='ltr'>judici0‚</span> <span class='ocrx_word' id='word_1_20' title='bbox 1781 732 2024 802; x_wconf 87' lang='lat' dir='ltr'>pereat,</span> <span class='ocrx_word' id='word_1_21' title='bbox 2083 721 2192 802; x_wconf 87' lang='lat' dir='ltr'>qui</span> <span class='ocrx_word' id='word_1_22' title='bbox 2243 737 2344 786; x_wconf 83' lang='lat' dir='ltr'>se-</span> 
     </span>
     <span class='ocr_line' id='line_1_5' title="bbox 448 829 2342 933; baseline -0.002 -16"><span class='ocrx_word' id='word_1_23' title='bbox 448 829 721 917; x_wconf 79' lang='lat' dir='ltr'>eundum</span> <span class='ocrx_word' id='word_1_24' title='bbox 778 851 971 933; x_wconf 85' lang='lat' dir='ltr'>legem</span> <span class='ocrx_word' id='word_1_25' title='bbox 1023 847 1227 915; x_wconf 81' lang='lat' dir='ltr'>vivere</span> <span class='ocrx_word' id='word_1_26' title='bbox 1278 861 1518 914; x_wconf 80' lang='lat' dir='ltr'><strong>recusat</strong></span> <span class='ocrx_word' id='word_1_27' title='bbox 1571 845 1782 932; x_wconf 81' lang='lat'>(41).</span> <span class='ocrx_word' id='word_1_28' title='bbox 1867 847 2055 932; x_wconf 89' lang='lat' dir='ltr'>Quod</span> <span class='ocrx_word' id='word_1_29' title='bbox 2103 848 2159 912; x_wconf 90' lang='lat' dir='ltr'>si</span> <span class='ocrx_word' id='word_1_30' title='bbox 2198 847 2342 931; x_wconf 88' lang='lat' dir='ltr'>quis</span> 
     </span>
     <span class='ocr_line' id='line_1_6' title="bbox 448 971 2346 1044; baseline -0.002 0"><span class='ocrx_word' id='word_1_31' title='bbox 448 978 855 1044; x_wconf 69' lang='lat' dir='ltr'>nihilominus</span> <span class='ocrx_word' id='word_1_32' title='bbox 904 973 1396 1042; x_wconf 84' lang='lat' dir='ltr'>forbannitoru&#39;m</span> <span class='ocrx_word' id='word_1_33' title='bbox 1450 971 1975 1042; x_wconf 86' lang='lat' dir='ltr'>consuetudinem·</span> <span class='ocrx_word' id='word_1_34' title='bbox 2008 972 2198 1040; x_wconf 88' lang='lat' dir='ltr'>vitare</span> <span class='ocrx_word' id='word_1_35' title='bbox 2231 992 2346 1040; x_wconf 87' lang='lat' dir='ltr'>no-</span> 
     </span>
     <span class='ocr_line' id='line_1_7' title="bbox 445 1081 2344 1189; baseline -0.003 -17"><span class='ocrx_word' id='word_1_36' title='bbox 445 1099 561 1188; x_wconf 76' lang='lat' dir='ltr'>lit⁵‚</span> <span class='ocrx_word' id='word_1_37' title='bbox 602 1107 713 1172; x_wconf 83' lang='lat' dir='ltr'>sed</span> <span class='ocrx_word' id='word_1_38' title='bbox 764 1106 1027 1172; x_wconf 85' lang='lat' dir='ltr'>scienter</span> <span class='ocrx_word' id='word_1_39' title='bbox 1052 1125 1159 1173; x_wconf 89' lang='lat' dir='ltr'>eos</span> <span class='ocrx_word' id='word_1_40' title='bbox 1196 1081 1413 1189; x_wconf 78' lang='lat' dir='ltr'>recipit</span> <span class='ocrx_word' id='word_1_41' title='bbox 1458 1111 1574 1188; x_wconf 84' lang='lat' dir='ltr'>per</span> <span class='ocrx_word' id='word_1_42' title='bbox 1601 1123 1826 1171; x_wconf 84' lang='lat' dir='ltr'>annum</span> <span class='ocrx_word' id='word_1_43' title='bbox 1881 1115 1946 1168; x_wconf 89' lang='lat' dir='ltr'>et</span> <span class='ocrx_word' id='word_1_44' title='bbox 1987 1103 2144 1168; x_wconf 86' lang='lat' dir='ltr'>diem</span> <span class='ocrx_word' id='word_1_45' title='bbox 2170 1119 2344 1183; x_wconf 84' lang='lat' dir='ltr'>,car-</span> 
     </span>
     <span class='ocr_line' id='line_1_8' title="bbox 445 1227 2341 1300; baseline -0.005 -2"><span class='ocrx_word' id='word_1_46' title='bbox 445 1247 590 1298; x_wconf 88' lang='lat' dir='ltr'>cere·</span> <span class='ocrx_word' id='word_1_47' title='bbox 627 1230 963 1296; x_wconf 84' lang='lat' dir='ltr'>includitur</span> <span class='ocrx_word' id='word_1_48' title='bbox 1016 1249 1087 1295; x_wconf 75' lang='lat' dir='ltr'>ac</span> <span class='ocrx_word' id='word_1_49' title='bbox 1143 1229 1305 1296; x_wconf 82' lang='lat' dir='ltr'>bona</span> <span class='ocrx_word' id='word_1_50' title='bbox 1360 1230 1614 1296; x_wconf 84' lang='lat' dir='ltr'>mobilia</span> <span class='ocrx_word' id='word_1_51' title='bbox 1670 1229 1926 1300; x_wconf 85' lang='lat' dir='ltr'>amittit.</span> <span class='ocrx_word' id='word_1_52' title='bbox 2036 1227 2174 1294; x_wconf 88' lang='lat' dir='ltr'>Nec</span> <span class='ocrx_word' id='word_1_53' title='bbox 2229 1230 2341 1296; x_wconf 86' lang='lat' dir='ltr'>mi.</span> 
     </span>
     <span class='ocr_line' id='line_1_9' title="bbox 443 1356 2344 1440; baseline 0.001 -14"><span class='ocrx_word' id='word_1_54' title='bbox 443 1377 565 1426; x_wconf 86' lang='lat' dir='ltr'>nus</span> <span class='ocrx_word' id='word_1_55' title='bbox 619 1356 957 1426; x_wconf 85' lang='lat' dir='ltr'>forbanniti</span> <span class='ocrx_word' id='word_1_56' title='bbox 1030 1358 1407 1426; x_wconf 87' lang='lat' dir='ltr'>confiscatur</span> <span class='ocrx_word' id='word_1_57' title='bbox 1478 1357 1912 1440; x_wconf 85' lang='lat' dir='ltr'>patrimonium</span> <span class='ocrx_word' id='word_1_58' title='bbox 1933 1401 1958 1436; x_wconf 88' lang='lat'><strong>,</strong></span> <span class='ocrx_word' id='word_1_59' title='bbox 2001 1357 2210 1438; x_wconf 86' lang='lat' dir='ltr'>quod,</span> <span class='ocrx_word' id='word_1_60' title='bbox 2249 1361 2344 1428; x_wconf 78' lang='lat' dir='ltr'>uti</span> 
     </span>
     <span class='ocr_line' id='line_1_10' title="bbox 442 1481 2348 1568; baseline 0.001 -16"><span class='ocrx_word' id='word_1_61' title='bbox 442 1481 642 1568; x_wconf 77' lang='lat' dir='ltr'>supr&#39;a‘</span> <span class='ocrx_word' id='word_1_62' title='bbox 678 1486 852 1564; x_wconf 83' lang='lat' dir='ltr'>dixi,</span> <span class='ocrx_word' id='word_1_63' title='bbox 882 1486 981 1549; x_wconf 89' lang='lat' dir='ltr'>vel</span> <span class='ocrx_word' id='word_1_64' title='bbox 1036 1485 1181 1548; x_wconf 91' lang='lat' dir='ltr'>duci</span> <span class='ocrx_word' id='word_1_65' title='bbox 1232 1484 1331 1547; x_wconf 88' lang='lat' dir='ltr'>vel</span> <span class='ocrx_word' id='word_1_66' title='bbox 1384 1481 1649 1548; x_wconf 83' lang='lat' dir='ltr'>dominis</span> <span class='ocrx_word' id='word_1_67' title='bbox 1687 1481 2065 1564; x_wconf 69' lang='lat' dir='ltr'>vindicaturg,</span> <span class='ocrx_word' id='word_1_68' title='bbox 2119 1486 2348 1554; x_wconf 83' lang='lat' dir='ltr'>ultimo</span> 
     </span>
     <span class='ocr_line' id='line_1_11' title="bbox 446 1603 2348 1694; baseline -0.004 -16"><span class='ocrx_word' id='word_1_69' title='bbox 446 1633 595 1678; x_wconf 79' lang='lat' dir='ltr'>casu</span> <span class='ocrx_word' id='word_1_70' title='bbox 669 1615 841 1694; x_wconf 86' lang='lat' dir='ltr'>prius</span> <span class='ocrx_word' id='word_1_71' title='bbox 906 1613 973 1676; x_wconf 90' lang='lat' dir='ltr'>in</span> <span class='ocrx_word' id='word_1_72' title='bbox 1050 1603 1470 1676; x_wconf 82' lang='lat' dir='ltr'>testimonium</span> <span class='ocrx_word' id='word_1_73' title='bbox 1532 1609 1982 1693; x_wconf 85' lang='lat' dir='ltr'>dampnationis</span> <span class='ocrx_word' id='word_1_74' title='bbox 2029 1611 2206 1678; x_wconf 83' lang='lat' dir='ltr'>aedes</span> <span class='ocrx_word' id='word_1_75' title='bbox 2251 1614 2348 1683; x_wconf 80' lang='lat' dir='ltr'>di..</span> 
     </span>
     <span class='ocr_line' id='line_1_12' title="bbox 438 1735 1590 1819; baseline -0.003 -13"><span class='ocrx_word' id='word_1_76' title='bbox 438 1756 700 1806; x_wconf 82' lang='lat' dir='ltr'>ruuntur</span> <span class='ocrx_word' id='word_1_77' title='bbox 746 1759 819 1806; x_wconf 86' lang='lat' dir='ltr'>ac</span> <span class='ocrx_word' id='word_1_78' title='bbox 865 1749 1327 1803; x_wconf 81' lang='lat' dir='ltr'>concremantur</span> <span class='ocrx_word' id='word_1_79' title='bbox 1378 1744 1508 1819; x_wconf 81' lang='lat'>(42</span> <span class='ocrx_word' id='word_1_80' title='bbox 1524 1735 1590 1818; x_wconf 76' lang='lat'>&gt;-</span> 
     </span>
    </p>

    <p class='ocr_par' dir='ltr' id='par_1_4' title="bbox 358 1863 2350 3483">
     <span class='ocr_line' id='line_1_13' title="bbox 528 1863 2348 1950; baseline 0.002 -18"><span class='ocrx_word' id='word_1_81' title='bbox 528 1867 699 1932; x_wconf 78' lang='lat' dir='ltr'>Haec</span> <span class='ocrx_word' id='word_1_82' title='bbox 748 1883 897 1930; x_wconf 87' lang='lat' dir='ltr'>vero</span> <span class='ocrx_word' id='word_1_83' title='bbox 966 1866 1121 1928; x_wconf 81' lang='lat' dir='ltr'>mala</span> <span class='ocrx_word' id='word_1_84' title='bbox 1140 1905 1166 1941; x_wconf 90' lang='lat'><strong>,</strong></span> <span class='ocrx_word' id='word_1_85' title='bbox 1221 1877 1291 1925; x_wconf 89' lang='lat' dir='ltr'>ut</span> <span class='ocrx_word' id='word_1_86' title='bbox 1342 1863 1428 1927; x_wconf 74' lang='lat' dir='ltr'>ita</span> <span class='ocrx_word' id='word_1_87' title='bbox 1498 1863 1694 1928; x_wconf 83' lang='lat' dir='ltr'>dicam</span> <span class='ocrx_word' id='word_1_88' title='bbox 1717 1908 1743 1943; x_wconf 89' lang='lat'><strong>,</strong></span> <span class='ocrx_word' id='word_1_89' title='bbox 1813 1864 2068 1950; x_wconf 86' lang='lat' dir='ltr'>physica</span> <span class='ocrx_word' id='word_1_90' title='bbox 2147 1867 2348 1936; x_wconf 86' lang='lat' dir='ltr'>conti·</span> 
     </span>
     <span class='ocr_line' id='line_1_14' title="bbox 442 1990 2348 2077; baseline -0.001 -14"><span class='ocrx_word' id='word_1_91' title='bbox 442 2010 632 2077; x_wconf 86' lang='lat' dir='ltr'>nent,</span> <span class='ocrx_word' id='word_1_92' title='bbox 660 1995 768 2059; x_wconf 91' lang='lat' dir='ltr'>sed</span> <span class='ocrx_word' id='word_1_93' title='bbox 821 1995 889 2058; x_wconf 91' lang='lat' dir='ltr'>in</span> <span class='ocrx_word' id='word_1_94' title='bbox 936 1990 1085 2076; x_wconf 89' lang='lat' dir='ltr'>Jure</span> <span class='ocrx_word' id='word_1_95' title='bbox 1134 1990 1280 2056; x_wconf 83' lang='lat' dir='ltr'>aliae</span> <span class='ocrx_word' id='word_1_96' title='bbox 1326 1990 1619 2071; x_wconf 85' lang='lat' dir='ltr'>quaedam</span> <span class='ocrx_word' id='word_1_97' title='bbox 1661 1993 1944 2072; x_wconf 84' lang='lat' dir='ltr'>sequelae</span> <span class='ocrx_word' id='word_1_98' title='bbox 1973 1995 2348 2062; x_wconf 75' lang='lat' dir='ltr'>constitutae</span> 
     </span>
     <span class='ocr_line' id='line_1_15' title="bbox 441 2118 2348 2206; baseline 0.001 -18"><span class='ocrx_word' id='word_1_99' title='bbox 441 2135 657 2203; x_wconf 82' lang='lat' dir='ltr'>erant,</span> <span class='ocrx_word' id='word_1_100' title='bbox 692 2138 850 2203; x_wconf 86' lang='lat' dir='ltr'>quae</span> <span class='ocrx_word' id='word_1_101' title='bbox 874 2121 937 2186; x_wconf 85' lang='lat' dir='ltr'>in</span> <span class='ocrx_word' id='word_1_102' title='bbox 956 2131 1163 2185; x_wconf 88' lang='lat' dir='ltr'>nostra</span> <span class='ocrx_word' id='word_1_103' title='bbox 1180 2118 1536 2202; x_wconf 86' lang='lat' dir='ltr'>quaestione</span> <span class='ocrx_word' id='word_1_104' title='bbox 1551 2121 1790 2205; x_wconf 74' lang='lat' dir='ltr'>&#39;majoris</span> <span class='ocrx_word' id='word_1_105' title='bbox 1821 2135 1968 2185; x_wconf 88' lang='lat' dir='ltr'>sunt</span> <span class='ocrx_word' id='word_1_106' title='bbox 2004 2125 2348 2206; x_wconf 89' lang='lat' dir='ltr'>momenti,</span> 
     </span>
     <span class='ocr_line' id='line_1_16' title="bbox 440 2243 2346 2336; baseline 0 -18"><span class='ocrx_word' id='word_1_107' title='bbox 440 2243 906 2336; x_wconf 77' lang='lat' dir='ltr'>atque.arcti11s</span> <span class='ocrx_word' id='word_1_108' title='bbox 958 2269 1099 2317; x_wconf 80' lang='lat' dir='ltr'>cum</span> <span class='ocrx_word' id='word_1_109' title='bbox 1148 2243 1343 2316; x_wconf 69' lang='lat' dir='ltr'>morte</span> <span class='ocrx_word' id='word_1_110' title='bbox 1416 2249 1599 2316; x_wconf 87' lang='lat' dir='ltr'>civile</span> <span class='ocrx_word' id='word_1_111' title='bbox 1669 2250 2019 2323; x_wconf 80' lang='lat' dir='ltr'>cohaerent.</span> <span class='ocrx_word' id='word_1_112' title='bbox 2138 2249 2346 2318; x_wconf 74' lang='lat' dir='ltr'>Multa</span> 
     </span>
     <span class='ocr_line' id='line_1_17' title="bbox 434 2376 2346 2461; baseline -0.001 -15"><span class='ocrx_word' id='word_1_113' title='bbox 434 2383 599 2446; x_wconf 81' lang='lat' dir='ltr'>enim</span> <span class='ocrx_word' id='word_1_114' title='bbox 654 2376 735 2445; x_wconf 85' lang='lat' dir='ltr'>in·</span> <span class='ocrx_word' id='word_1_115' title='bbox 777 2377 1133 2444; x_wconf 77' lang='lat' dir='ltr'>auctoribus</span> <span class='ocrx_word' id='word_1_116' title='bbox 1190 2397 1226 2442; x_wconf 85' lang='lat' dir='ltr'>a</span> <span class='ocrx_word' id='word_1_117' title='bbox 1276 2395 1375 2442; x_wconf 91' lang='lat' dir='ltr'>me</span> <span class='ocrx_word' id='word_1_118' title='bbox 1436 2377 1632 2442; x_wconf 85' lang='lat' dir='ltr'>allatis</span> <span class='ocrx_word' id='word_1_119' title='bbox 1689 2378 1920 2461; x_wconf 88' lang='lat' dir='ltr'>scripta</span> <span class='ocrx_word' id='word_1_120' title='bbox 1971 2378 2346 2460; x_wconf 82' lang='lat' dir='ltr'>reperiuntur</span> 
     </span>
     <span class='ocr_line' id='line_1_18' title="bbox 429 2503 2344 2592; baseline -0.002 -17"><span class='ocrx_word' id='word_1_121' title='bbox 429 2511 510 2575; x_wconf 84' lang='lat' dir='ltr'>de</span> <span class='ocrx_word' id='word_1_122' title='bbox 564 2507 919 2592; x_wconf 87' lang='lat' dir='ltr'>quaestione</span> <span class='ocrx_word' id='word_1_123' title='bbox 970 2521 1176 2573; x_wconf 87' lang='lat' dir='ltr'>utrum</span> <span class='ocrx_word' id='word_1_124' title='bbox 1245 2505 1419 2572; x_wconf 85' lang='lat' dir='ltr'>liberi</span> <span class='ocrx_word' id='word_1_125' title='bbox 1478 2506 1664 2572; x_wconf 85' lang='lat' dir='ltr'>bonis</span> <span class='ocrx_word' id='word_1_126' title='bbox 1732 2506 2156 2573; x_wconf 68' lang='lat' dir='ltr'>immobilibus</span> <span class='ocrx_word' id='word_1_127' title='bbox 2213 2503 2344 2572; x_wconf 88' lang='lat' dir='ltr'>for-</span> 
     </span>
     <span class='ocr_line' id='line_1_19' title="bbox 434 2635 2350 2706; baseline 0.001 -5"><span class='ocrx_word' id='word_1_128' title='bbox 434 2636 670 2703; x_wconf 85' lang='lat' dir='ltr'>banniti</span> <span class='ocrx_word' id='word_1_129' title='bbox 718 2637 1083 2706; x_wconf 85' lang='lat' dir='ltr'>succedunt.</span> <span class='ocrx_word' id='word_1_130' title='bbox 1170 2637 1443 2702; x_wconf 90' lang='lat' dir='ltr'>Feudum</span> <span class='ocrx_word' id='word_1_131' title='bbox 1482 2635 1640 2701; x_wconf 87' lang='lat' dir='ltr'>enim</span> <span class='ocrx_word' id='word_1_132' title='bbox 1684 2655 1814 2703; x_wconf 91' lang='lat' dir='ltr'>non</span> <span class='ocrx_word' id='word_1_133' title='bbox 1869 2639 2081 2704; x_wconf 87' lang='lat' dir='ltr'>ultima</span> <span class='ocrx_word' id='word_1_134' title='bbox 2125 2636 2350 2703; x_wconf 72' lang='lat' dir='ltr'>volum</span> 
     </span>
     <span class='ocr_line' id='line_1_20' title="bbox 433 2763 2346 2850; baseline -0.001 -19"><span class='ocrx_word' id='word_1_135' title='bbox 433 2779 599 2847; x_wconf 75' lang='lat' dir='ltr'>tate,</span> <span class='ocrx_word' id='word_1_136' title='bbox 660 2767 769 2832; x_wconf 85' lang='lat' dir='ltr'>sed</span> <span class='ocrx_word' id='word_1_137' title='bbox 822 2767 994 2848; x_wconf 87' lang='lat' dir='ltr'>quasi</span> <span class='ocrx_word' id='word_1_138' title='bbox 1047 2770 1183 2850; x_wconf 88' lang='lat' dir='ltr'>lege</span> <span class='ocrx_word' id='word_1_139' title='bbox 1232 2766 1605 2846; x_wconf 85' lang='lat' dir='ltr'>relinquitur</span> <span class='ocrx_word' id='word_1_140' title='bbox 1661 2777 1848 2848; x_wconf 86' lang='lat' dir='ltr'>atque</span> <span class='ocrx_word' id='word_1_141' title='bbox 1900 2763 2044 2832; x_wconf 90' lang='lat' dir='ltr'>hinc</span> <span class='ocrx_word' id='word_1_142' title='bbox 2097 2765 2346 2847; x_wconf 85' lang='lat' dir='ltr'>proprie</span> 
     </span>
     <span class='ocr_line' id='line_1_21' title="bbox 358 2888 2345 2973; baseline -0.002 -15"><span class='ocrx_word' id='word_1_143' title='bbox 358 2916 368 2920; x_wconf 92' lang='lat'>·</span> <span class='ocrx_word' id='word_1_144' title='bbox 432 2913 571 2958; x_wconf 78' lang='lat' dir='ltr'>non</span> <span class='ocrx_word' id='word_1_145' title='bbox 618 2888 1090 2972; x_wconf 73' lang='lat' dir='ltr'>lconfiscantur,</span> <span class='ocrx_word' id='word_1_146' title='bbox 1170 2894 1280 2957; x_wconf 89' lang='lat' dir='ltr'>sed</span> <span class='ocrx_word' id='word_1_147' title='bbox 1344 2905 1600 2973; x_wconf 84' lang='lat' dir='ltr'>propter</span> <span class='ocrx_word' id='word_1_148' title='bbox 1655 2889 1944 2958; x_wconf 76' lang='lat' dir='ltr'>feloniam</span> <span class='ocrx_word' id='word_1_149' title='bbox 2005 2891 2345 2956; x_wconf 87' lang='lat' dir='ltr'>secundum</span> 
     </span>
     <span class='ocr_line' id='line_1_22' title="bbox 434 3015 2344 3102; baseline -0.003 -17"><span class='ocrx_word' id='word_1_150' title='bbox 434 3019 637 3102; x_wconf 81' lang='lat' dir='ltr'>Leges</span> <span class='ocrx_word' id='word_1_151' title='bbox 694 3019 993 3084; x_wconf 84' lang='lat' dir='ltr'>Feudales</span> <span class='ocrx_word' id='word_1_152' title='bbox 1046 3019 1133 3083; x_wconf 87' lang='lat' dir='ltr'>ad-</span> <span class='ocrx_word' id='word_1_153' title='bbox 1172 3017 1490 3082; x_wconf 87' lang='lat' dir='ltr'>dominum</span> <span class='ocrx_word' id='word_1_154' title='bbox 1545 3030 1926 3080; x_wconf 82' lang='lat' dir='ltr'>revertuntur</span> <span class='ocrx_word' id='word_1_155' title='bbox 1975 3033 2156 3096; x_wconf 89' lang='lat' dir='ltr'>atque</span> <span class='ocrx_word' id='word_1_156' title='bbox 2199 3015 2344 3080; x_wconf 86' lang='lat' dir='ltr'>hinc</span> 
     </span>
     <span class='ocr_line' id='line_1_23' title="bbox 430 3141 2348 3228; baseline -0.003 -14"><span class='ocrx_word' id='word_1_157' title='bbox 430 3149 592 3214; x_wconf 74' lang='lat' dir='ltr'>&#39;iilud</span> <span class='ocrx_word' id='word_1_158' title='bbox 664 3145 907 3228; x_wconf 70' lang='lat' dir='ltr'>agian-3</span> <span class='ocrx_word' id='word_1_159' title='bbox 1000 3163 1077 3209; x_wconf 89' lang='lat' dir='ltr'>an</span> <span class='ocrx_word' id='word_1_160' title='bbox 1152 3161 1303 3226; x_wconf 87' lang='lat' dir='ltr'>pace</span> <span class='ocrx_word' id='word_1_161' title='bbox 1364 3144 1590 3208; x_wconf 86' lang='lat' dir='ltr'>-Ducis</span> <span class='ocrx_word' id='word_1_162' title='bbox 1670 3141 1904 3223; x_wconf 80' lang='lat' dir='ltr'>fracta,</span> <span class='ocrx_word' id='word_1_163' title='bbox 1977 3143 2348 3226; x_wconf 86' lang='lat' dir='ltr'>utlagatione</span> 
     </span>
     <span class='ocr_line' id='line_1_24' title="bbox 436 3246 2348 3355; baseline -0.003 -13"><span class='ocrx_word' id='word_1_164' title='bbox 436 3275 688 3342; x_wconf 84' lang='lat' dir='ltr'>feudum</span> <span class='ocrx_word' id='word_1_165' title='bbox 746 3275 926 3340; x_wconf 86' lang='lat' dir='ltr'>adimi</span> <span class='ocrx_word' id='word_1_166' title='bbox 973 3246 1606 3355; x_wconf 53' lang='lat' dir='ltr'>posset,‘q11amuis‘</span> <span class='ocrx_word' id='word_1_167' title='bbox 1635 3273 1923 3337; x_wconf 88' lang='lat' dir='ltr'>dominus</span> <span class='ocrx_word' id='word_1_168' title='bbox 1974 3291 2102 3338; x_wconf 90' lang='lat' dir='ltr'>non</span> <span class='ocrx_word' id='word_1_169' title='bbox 2155 3271 2348 3337; x_wconf 76' lang='lat' dir='ltr'>laeda-</span> 
     </span>
     <span class='ocr_line' id='line_1_25' title="bbox 434 3400 2340 3483; baseline -0.003 -12"><span class='ocrx_word' id='word_1_170' title='bbox 434 3407 632 3472; x_wconf 83' lang='lat' dir='ltr'>da&#39;tur.</span> <span class='ocrx_word' id='word_1_171' title='bbox 719 3403 965 3472; x_wconf 87' lang='lat' dir='ltr'>Etenim</span> <span class='ocrx_word' id='word_1_172' title='bbox 1011 3405 1067 3470; x_wconf 85' lang='lat' dir='ltr'>si</span> <span class='ocrx_word' id='word_1_173' title='bbox 1116 3405 1435 3470; x_wconf 81' lang='lat' dir='ltr'>valvassor</span> <span class='ocrx_word' id='word_1_174' title='bbox 1488 3402 1721 3468; x_wconf 77' lang='lat' dir='ltr'>crimen</span> <span class='ocrx_word' id='word_1_175' title='bbox 1772 3400 2150 3483; x_wconf 85' lang='lat' dir='ltr'>committit,</span> <span class='ocrx_word' id='word_1_176' title='bbox 2212 3417 2340 3481; x_wconf 88' lang='lat' dir='ltr'>quo</span> 
     </span>
    </p>

    <p class='ocr_par' dir='ltr' id='par_1_5' title="bbox 2248 3541 2345 3596">
     <span class='ocr_line' id='line_1_26' title="bbox 2248 3541 2345 3596; baseline -0.01 0"><span class='ocrx_word' id='word_1_177' title='bbox 2248 3541 2345 3596; x_wconf 78' lang='lat' dir='ltr'>ut·</span> 
     </span>
    </p>
   </div>
   <div class='ocr_carea' id='block_1_4' title="bbox 539 3756 1988 3996">
    <p class='ocr_par' dir='ltr' id='par_1_6' title="bbox 539 3756 1988 3996">
     <span class='ocr_line' id='line_1_27' title="bbox 541 3756 1190 3826; baseline 0.006 -15"><span class='ocrx_word' id='word_1_178' title='bbox 541 3756 695 3826; x_wconf 83' lang='grc' dir='ltr'>(4ο)</span> <span class='ocrx_word' id='word_1_179' title='bbox 734 3767 922 3815; x_wconf 76' lang='lat' dir='ltr'>Bract.</span> <span class='ocrx_word' id='word_1_180' title='bbox 969 3771 1025 3824; x_wconf 78' lang='lat' dir='ltr'>p.</span> <span class='ocrx_word' id='word_1_181' title='bbox 1074 3765 1190 3815; x_wconf 84' lang='lat'>228.</span> 
     </span>
     <span class='ocr_line' id='line_1_28' title="bbox 540 3843 1960 3915; baseline 0.001 -19"><span class='ocrx_word' id='word_1_182' title='bbox 540 3843 689 3908; x_wconf 79' lang='lat'>(41)</span> <span class='ocrx_word' id='word_1_183' title='bbox 738 3845 858 3899; x_wconf 87' lang='lat' dir='ltr'>LL.</span> <span class='ocrx_word' id='word_1_184' title='bbox 907 3843 1197 3900; x_wconf 70' lang='lat' dir='ltr'>Not-mann.</span> <span class='ocrx_word' id='word_1_185' title='bbox 1237 3847 1383 3898; x_wconf 71' lang='lat' dir='ltr'>Pars</span> <span class='ocrx_word' id='word_1_186' title='bbox 1426 3847 1506 3902; x_wconf 85' lang='grc' dir='ltr'>Π.</span> <span class='ocrx_word' id='word_1_187' title='bbox 1557 3848 1622 3902; x_wconf 85' lang='lat' dir='ltr'>c.</span> <span class='ocrx_word' id='word_1_188' title='bbox 1675 3863 1758 3910; x_wconf 84' lang='lat'>13.</span> <span class='ocrx_word' id='word_1_189' title='bbox 1807 3857 1854 3915; x_wconf 77' lang='grc' dir='ltr'>ς.</span> <span class='ocrx_word' id='word_1_190' title='bbox 1905 3861 1960 3900; x_wconf 79' lang='lat'>1.</span> 
     </span>
     <span class='ocr_line' id='line_1_29' title="bbox 539 3929 1988 3996; baseline 0.001 -16"><span class='ocrx_word' id='word_1_191' title='bbox 539 3929 688 3994; x_wconf 84' lang='grc'><strong>(42)</strong></span> <span class='ocrx_word' id='word_1_192' title='bbox 729 3929 852 3985; x_wconf 73' lang='lat' dir='ltr'><em>LI..</em></span> <span class='ocrx_word' id='word_1_193' title='bbox 904 3931 1198 3982; x_wconf 72' lang='lat' dir='ltr'>Nor-mann.</span> <span class='ocrx_word' id='word_1_194' title='bbox 1249 3932 1393 3982; x_wconf 79' lang='lat' dir='ltr'>Pars</span> <span class='ocrx_word' id='word_1_195' title='bbox 1441 3932 1512 3982; x_wconf 91' lang='lat'>11.</span> <span class='ocrx_word' id='word_1_196' title='bbox 1559 3932 1621 3985; x_wconf 87' lang='lat' dir='ltr'>C.</span> <span class='ocrx_word' id='word_1_197' title='bbox 1675 3945 1761 3996; x_wconf 77' lang='lat'>24·</span> <span class='ocrx_word' id='word_1_198' title='bbox 1807 3931 1855 3988; x_wconf 72' lang='lat' dir='ltr'>S·</span> <span class='ocrx_word' id='word_1_199' title='bbox 1909 3945 1988 3982; x_wconf 83' lang='lat'>12.</span> 
     </span>
    </p>
   </div>
   <div class='ocr_carea' id='block_1_5' title="bbox 1428 4035 1551 4102">
    <p class='ocr_par' dir='ltr' id='par_1_7' title="bbox 1428 4035 1551 4102">
     <span class='ocr_line' id='line_1_30' title="bbox 1428 4035 1551 4102; baseline -0.016 0"><span class='ocrx_word' id='word_1_200' title='bbox 1428 4035 1551 4102; x_wconf 91' lang='lat' dir='ltr'>Cc</span> 
     </span>
    </p>
   </div>
  </div>
 </body>
</html>
