3000 4917
1260 327 1514 382 ΞΣ·
2215 295 2325 396 αἱ

326 497 341 506 ’
396 505 497 570 de
542 507 887 586 quaestione
916 551 939 583 ‚
960 524 1034 570 an
1068 503 1241 570 liberi
1256 519 1283 584 ·‚
1318 502 1423 584 qui
1438 468 1558 570 sub
1592 503 1782 588 patria
1814 517 2114 586 potestate
2138 520 2283 574 sunt
2302 552 2330 588 ,

395 633 495 710 de
560 636 685 696 suis
738 628 917 701 bonis
969 630 1212 714 possint
1272 629 1596 713 disponere
1639 631 1954 715 deportato
2001 646 2172 714 patre
2187 679 2214 714 ‚
2257 653 2337 710 ae:⁴

396 777 496 826 an
521 806 547 838 ‚
588 758 706 825 hoc
740 758 813 824 in·
830 757 1130 842 integrum
1163 757 1440 828 restituto
1455 804 1479 841 ,
1500 771 1629 824 rata
1661 758 1786 826 sint
1805 806 1832 842 ‚
1847 777 2003 844 quae
2033 775 2285 844 egerunt
2301 807 2328 842 ‚

398 904 569 955 cum
594 887 751 969 -jure
797 885 1163 967 postliminii
1233 884 1371 956 sub·
1396 885 1584 968 patris
1619 899 1917 969 potestate
1961 901 2332 956 revertantur

410 1012 609 1094 quasi
676 1031 981 1095 nunquam
1058 1013 1374 1096 exiissem,
1434 1014 1694 1090 Prorsus
1765 1015 2001 1082 diversa
2067 1015 2132 1080 in
2189 1033 2333 1082 nos-

410 1155 521 1209 tri
566 1141 711 1223 -lege
764 1139 1038 1206 Romana
1082 1153 1453 1224 tractantur3
1518 1115 1694 1208 video
1729 1141 1968 1223 quidem
1999 1157 2226 1224 patrem
2269 1141 2334 1208 in

408 1267 673 1335 exilium
720 1267 969 1336 missum
992 1315 1019 1349 ‚
1076 1269 1163 1336 nil
1200 1281 1399 1336 tamen
1434 1267 1510 1334 de
1545 1267 1733 1350 patria
1767 1280 2062 1350 potestate
2087 1285 2164 1334 an
2189 1267 2338 1346 sub÷

417 1396 552 1462 lata
600 1389 785 1462 fuerit
818 1410 1179 1464 memoratur
1194 1441 1219 1475 ,
1270 1394 1542 1480 quamvis
1603 1395 1784 1482 hujus
1834 1396 1918 1462 rei
1963 1396 2184 1464 diserte
2231 1393 2338 1462 fiat

418 1523 663 1588 mentio
697 1521 763 1588 in
797 1521 1027 1605 vulgari
1068 1522 1594 1604 interpretatione·
1571 1571 1596 1608 ,
1637 1525 1908 1594 secundo
1936 1537 2152 1592 notum
2198 1536 2294 1590 est
2310 1566 2338 1602 ,

420 1646 923 1714 confiscationem
954 1648 1131 1754 sequi
1177 1649 1696 1732 deportationem,
1744 1653 1844 1718 hic
1885 1669 2080 1720 autem
2131 1649 2290 1718 filius
2307 1651 2368 1731 ‚'

430 1775 587 1840 dum
644 1788 811 1856 pater
862 1773 925 1838 in
971 1774 1147 1842 exilio
1199 1791 1337 1856 est,
1367 1777 1552 1860 hujus
1587 1776 1752 1842 bona
1791 1777 2129 1862 gubernat.
2215 1777 2340 1844 De-

431 1903 629 1985 nique
698 1902 969 1988 quaestio
1032 1903 1221 1971 totius
1270 1905 1419 1988 legis
1468 1918 1771 1987 mutatur3
1809 1918 1961 1970 nam
2033 1919 2160 1968 non
2218 1902 2339 1968 hoc

434 2031 739 2098 dirimitur
758 2079 781 2113 ,
846 2050 919 2098 an
977 2033 1054 2098 de
1104 2031 1365 2115 peculio.
1393 2031 1713 2114 disponere
1747 2030 1950 2115 possit
1992 2029 2155 2096 filius
2172 2076 2199 2111 ‚
2230 2029 2340 2096 sed

372 2183 375 2186 ⁴
440 2177 527 2224 an
592 2173 763 2242 pater
810 2179 1089 2226 revocare
1137 2159 1337 2243 possit
1356 2206 1381 2241 ‚
1444 2178 1598 2241 quae
1665 2157 1909 2230 absente
1963 2177 2038 2223 eo
2091 2157 2339 2244 alienata

432 2300 586 2356 sunt
639 2305 715 2352 ex
762 2287 891 2354 suis
942 2286 1121 2354 bonis
1149 2334 1174 2369 ‚
1220 2306 1374 2370 quae
1414 2285 1578 2354 filius
1631 2285 2081 2352 administravit.
2166 2285 2342 2372 Quo-

432 2413 629 2478 modo
684 2413 784 2480 hic
859 2434 1005 2481 vero
1071 2433 1183 2496 per
1244 2428 1666 2482 testamentum
1723 2433 1791 2480 ea
1850 2413 2182 2496 expendere
2229 2432 2342 2496 po-

405 2540 627 2610 tuerit
675 2559 801 2608 non
850 2519 1120 2636 intelligo
1139 2589 1162 2623 ‚
1210 2540 1327 2608 nisi
1375 2541 1526 2610 iuud
1565 2541 1906 2610 admittatur
1933 2587 1958 2622 ,
2005 2541 2173 2621 quod
2212 2540 2341 2624 sine

438 2669 573 2736 ullo
604 2669 829 2756 iudicio
864 2669 1128 2758 vulgaris
1164 2667 1578 2752 interpretatio
1605 2683 1873 2738 truncata
1899 2668 2006 2738 sit.
2055 2666 2147 2735 Ibi
2182 2667 2338 2734 enim

444 2797 593 2862 haec
622 2798 799 2880 plana
839 2809 1016 2874 sunt.
1102 2798 1291 2866 Filius
1327 2799 1483 2874 enim
1502 2845 1528 2878 ‚
1579 2801 1848 2866 nondum
1879 2817 2134 2865 reverso
2175 2811 2340 2878 patre

426 2937 863 2994 ,testamentum
896 2923 1045 2991 fecit
1095 2945 1163 2992 ac
1198 2949 1254 2988 .u
1275 2923 1465 2991 oritur
1483 2968 1511 3005 ‚
1541 2926 1662 3010 jam
1699 2940 1888 2992 ratum
1946 2943 2080 2990 esse
2131 2935 2344 2988 secun-

447 3049 594 3114 dum
642 3097 647 3102 .
680 3049 981 3132 Papiniani
1082 3051 1435 3120 sententiam
1521 3049 1894 3118 rescribit-ur.
2033 3047 2346 3134 Quidquid

411 3176 635 3260 -hujtxs
688 3174 773 3252 rei
830 3177 909 3242 sit
935 3223 958 3258 ‚
1008 3178 1173 3244 nulla
1230 3175 1404 3243 affert
1438 3195 1556 3259 pro
1607 3177 1822 3260 capitis
1871 3175 2200 3242 minutione
2253 3193 2344 3242 ar·

446 3316 729 3386 gumenta
786 3303 919 3370 Lex
958 3302 1271 3374 Utinensis
1292 3332 1327 3384 ,ι
1367 3322 1401 3368 e
1446 3305 1754 3370 contrario
1793 3303 1912 3370 hoe
1948 3303 2154 3370 saltem
2184 3301 2346 3387 frag·

447 3443 654 3497 memo
696 3431 873 3512 plena
917 3428 1107 3502 ferme
1147 3429 1440 3514 probatur
1494 3430 1826 3516 ignorantia
1841 3477 1866 3514 ,
1915 3451 2118 3515 quare·
2148 3432 2198 3498 si
2249 3431 2344 3512 vel

452 3558 529 3623 de
581 3556 995 3639 deportatione
1056 3556 1136 3626 sit
1184 3555 1649 3640 accipiendum,
1694 3560 1769 3626 de
1812 3579 1881 3626 ea
1915 3559 2046 3626 sine
2072 3561 2223 3645 juris
2261 3559 2344 3626 ci·
2357 3646 2364 3654 ἢ

451 3683 589 3750 vilis
604 3685 933 3784 privatione
964 3687 1325 3770 intelligatur
1362 3687 1620 3785 necesse
1639 3700 1732 3752 est
1747 3734 1771 3769 ‚
1790 3707 1918 3774 quo
1937 3688 2098 3754 facto
2134 3691 2342 3757 melius

444 3827 509 3896 <t
546 3815 763 3886 rectius
780 3813 1063 3901 relegatio
1092 3777 1408 3883 diceretur.
1463 3772 2006 3902 Longoba‘rdoruu'i
2039 3817 2252 3904 igitur
2235 3837 2344 3892 nn·

1442 3942 1487 4009 S
1530 3963 1570 4056 β
1909 4008 1915 4013 ,
2244 3961 2348 4024 1³0·
