3000 4917
678 572 752 625 a:
807 549 1232 638 quaetionnm
1295 548 1839 651 difficnitatnmqne
1874 549 2224 621 solutiones
2275 559 2451 642 apud
2482 558 2637 628 lta-

681 679 1265 763 losquaesiverint.
1363 677 2205 749 Nisiitaremsehabere
2258 684 2623 771 intelligere

676 806 981 891 velimus,
1017 805 1340 890 utriusque
1387 807 1589 891 gentis
1636 803 2139 888 Jurisconsultos
2195 827 2274 878 ex
2343 813 2606 884 diverso

674 934 897 1016 fonte,
975 953 1048 1004 ac
1104 934 1385 1003 dissimili
1437 935 1623 1017 plane
1670 933 2041 1019 reipublicae
2096 938 2447 1008 conditione
2514 960 2597 1009 ac

675 1068 890 1155 legum
935 1080 1146 1151 textu,
1177 1069 1336 1137 idem
1369 1087 1598 1136 nomen
1644 1087 1717 1137 ac
1768 1069 2123 1137 institutum
2158 1072 2372 1139 eodem
2427 1084 2596 1136 tem-

675 1212 832 1281 pore
875 1195 1299 1264 constituisse.
1391 1194 1603 1282 Hujus
1658 1214 1808 1264 vero
1863 1197 2182 1280 opinionis
2226 1198 2393 1263 nulla
2433 1197 2595 1264 mihi

682 1336 1032 1409 argumenta
1100 1319 1362 1406 proferri
1427 1340 1617 1404 posse
1674 1322 1999 1406 videntur,
2072 1343 2144 1390 ac
2210 1325 2594 1410 rejiciendam

684 1452 831 1521 hinc
852 1492 881 1532 ,
937 1463 1010 1517 ut
1061 1451 1304 1518 veritati
1345 1451 1542 1535 magis
1596 1453 1961 1520 contrariam
2008 1470 2201 1535 quam
2249 1454 2591 1535 proximam

681 1576 969 1647 arbitror.
1055 1575 1269 1645 Fracta
1303 1577 1395 1645 sic
1450 1577 1552 1646 illa
1602 1576 1980 1663 hypothesi,
2034 1594 2369 1663 postquam
2424 1580 2594 1648 vide-

681 1708 877 1779 rimus
929 1705 1146 1781 mortis
1186 1705 1393 1774 ‘civilis
1443 1706 1697 1793 vestigia
1745 1722 1887 1776 ante
1933 1725 2347 1776 Lunovrcuu
2392 1728 2598 1777 sanc-

684 1854 844 1907 ·ruu
877 1835 946 1904 in
996 1834 1201 1905 Gallia
1255 1835 1512 1919 deesse,
1565 1837 1716 1904 haec
1768 1854 1918 1904 vero
1969 1837 2036 1904 in
2094 1837 2382 1904 omnibus
2447 1857 2594 1906 carn

679 1966 829 2052 Jure
878 1963 1164 2032 Romano
1232 1963 1515 2041 connecti
1536 2008 1562 2045 ,
1630 1963 1801 2046 quod
1867 1980 1945 2029 ex
2007 1961 2302 2030 Italorum
2354 1963 2594 2033 scholis

684 2092 944 2179 petitum
967 2135 994 2172 ‚
1061 2089 1379 2157 fictionem
1446 2088 1660 2156 mortis
1731 2086 2132 2170 continebat,
2217 2089 2407 2155 sicuti
2460 2109 2593 2158 eam

686 2220 863 2308 quasi
914 2230 1138 2304 sponte
1188 2236 1263 2284 ex
1317 2217 1525 2303 legum
1581 2234 1653 2284 ac
1710 2215 2081 2301 reipublicae
2132 2230 2303 2286 statu
2349 2239 2420 2287 ac
2475 2222 2600 2288 dis·

690 2352 1031 2423 cordiarum
1102 2346 1379 2418 civilium
1437 2365 1509 2413 ac
1573 2346 1814 2431 linguae
1870 2348 2329 2431 opportunitate
2395 2351 2599 2433 adepti

687 2481 975 2562 fuerant,
1043 2477 1199 2545 nihil
1255 2476 1517 2560 amplius
1554 2474 1773 2542 obesse
1809 2488 2011 2560 puto,
2061 2476 2397 2559 quominus
2445 2497 2631 2546 con·-

691 2607 861 2676 cludi
916 2603 1121 2688 possit
1191 2602 1413 2671 Gallos
1436 2649 1462 2686 ,
1539 2620 1683 2672 cum
1751 2626 1786 2674 a
1844 2604 2119 2673 barbarie
2170 2605 2598 2686 resipiscerent

688 2747 877 2819 atque
924 2729 1002 2799 ab
1055 2725 1327 2796 anarchia
1381 2741 1445 2794 et
1494 2730 1676 2797 caede
1734 2733 1811 2799 ad
1861 2732 2273 2801 obedientiam
2315 2753 2385 2802 ac
2421 2733 2592 2820 Juris

689 2861 1038 2936 exercitium
1109 2857 1301 2925 redire
1370 2858 1723 2943 coepissent
1745 2849 1795 2943 ,'
1851 2880 1995 2930 cum
2058 2862 2272 2948 inopia
2337 2865 2587 2934 aliarum
2614 2925 2631 2941 ,

689 2993 896 3079 legum
966 2990 1033 3057 in
1094 2984 1235 3072 lure
1296 2983 1584 3054 Romano
1658 2988 1947 3057 vitiorum
2026 2994 2593 3076 compensationem

701 3128 1100 3207 quaererent,
1161 3114 1318 3182 illud
1366 3115 1442 3182 ab
1477 3114 1768 3184 Italorum
1823 3117 2053 3185 scholis
2094 3120 2418 3200 retulisse,
2462 3138 2595 3204 quo

692 3247 926 3321 factum
988 3258 1124 3328 est,
1188 3257 1262 3311 ut
1335 3246 1519 3312 simul
1570 3246 1788 3313 mortis
1824 3247 2022 3314 civilis
2075 3249 2410 3314 doctrinam
2472 3269 2599 3317 sun

691 3376 1001 3445 forbanno
1022 3418 1049 3456 ,
1088 3372 1357 3440 nominis
1401 3371 1801 3445 similitudine
1860 3394 1932 3442 ac
1965 3373 2297 3461 Justiniani
2340 3393 2594 3442 venera-

697 3504 867 3571 tione
931 3498 1223 3585 decepti,
1285 3501 1686 3586 applicarent.
1790 3503 1955 3573 Nam
2019 3522 2093 3573 ut
2160 3506 2226 3574 in
2281 3498 2597 3588 superiore

696 3627 894 3713 capite
988 3630 1258 3697 vidimus
1276 3674 1303 3712 ,
1400 3629 1587 3698 nimis
1655 3630 1783 3716 iam
1865 3632 2004 3701 Itali
2068 3631 2598 3719 jurisprudentiae

696 3753 1013 3823 Romanae
1072 3752 1283 3823 furore
1338 3773 1719 3844 erraverant;
1775 3775 1963 3846 atque
2019 3763 2145 3833 hoc
2209 3777 2339 3828 non
2400 3756 2600 3826 fuisse

698 3886 1087 3966 eoroectum‘,
1161 3898 1307 3951 cum
1360 3885 1602 3954 easdem
1655 3884 1980 3970 opiniones
2040 3889 2122 3958 ad
2171 3886 2283 3957 alia
2341 3887 2476 3955 loca
2525 3901 2597 3951 ac

2454 4027 2602 4078 con·
