3000 4917
1228 384 1473 418 ¹¹—
2188 394 2317 464 ⁹33

1130 481 1146 512 Ὶ

416 564 637 635 tardos
706 577 815 632 aut
879 566 1113 633 ’saltem
1200 586 1325 632 non
1415 567 1728 650 legitimos
1774 567 2125 654 ·judicatet.
2142 572 2161 589 ”
2224 569 2319 637 At

404 697 557 782 juris
657 693 924 764 Romani
1007 695 1300 779 auspiciis
1381 696 1587 762 aliter·
1636 698 2054 778 quaestionem
2126 678 2310 765 intel·⁸

406 826 680 890 leserunt
725 819 1050 888 Gallorum
1104 821 1146 905 J
1148 821 1256 889 Cti
1274 867 1299 902 ,
1368 840 1512 888 nam
1571 839 1648 888 ex
1710 822 1788 888 iis
1855 840 2012 906 quae
2079 823 2317 894 ibidem

389 950 487 1016 -de
547 948 948 1015 matrimoniis
997 948 1457 1030 deportatorum
1513 965 1625 1014 seu
1669 948 1891 1031 capitis
1942 948 2312 1022 minutorum

408 1079 769 1157 traduntur,
805 1074 1049 1158 quidem
1092 1073 1462 1142 matrimonii
1505 1076 1819 1142 vinculum
1858 1092 1987 1140 non
2017 1076 2314 1160 dissolvi,

411 1208 523 1274 sed
584 1205 789 1271 nullos
849 1203 1182 1285 producere
1238 1203 1473 1268 ratione
1521 1203 1785 1270 civitatis
1826 1203 2094 1271 ‘effectus
2141 1219 2321 1288 puta-v

410 1345 583 1400 runt.
650 1332 820 1421 Quid
837 1378 864 1416 ‚
934 1352 1011 1400 an
1060 1333 1251 1416 igitur
1298 1331 1638 1398 Alexander
1671 1332 1928 1399 severus
1977 1333 2322 1402 Abutianae

410 1463 745 1529 rescribens
819 1462 894 1527 de
963 1470 1347 1526 sacramento
1416 1457 1707 1523 ecclesiae
1776 1458 2162 1525 Christianae
2223 1459 2318 1526 lo·
2364 1518 2367 1521 .

410 1588 670 1671 quitur?
731 1588 937 1654 Nemo
962 1631 987 1669 ‚
1026 1586 1353 1667 suspicor,
1395 1585 1518 1651 hoc
1553 1582 1836 1652 defendet
1854 1631 1879 1666 ,
1919 1587 2032 1652 sed
2075 1585 2152 1652 de
2192 1604 2321 1654 ma-

408 1715 705 1783 trimonio
767 1713 935 1797 Juris
1003 1711 1300 1779 Gentium
1375 1731 1446 1779 ac
1510 1712 1678 1796 Jutis
1730 1714 1956 1780 Civilis
2004 1688 2324 1780 Romano-

415 1860 550 1911 rum
607 1841 708 1907 hic
763 1843 861 1924 agi
919 1841 1196 1924 quisque
1215 1838 1534 1909 fatebitur.
1618 1839 1932 1928 Quorsum
1969 1840 2161 1924 igitur
2190 1847 2334 1909 ten-'

414 1972 508 2038 dit
577 1971 722 2037 haec
793 1967 962 2051 Juris
1021 1968 1289 2035 Romani
1332 1969 1709 2050 applicatio,
1744 1940 1967 2050 ι(ιιιειεε,
2025 1967 2148 2035 nisi
2199 1968 2319 2052 pro

417 2101 649 2166 ratione
714 2099 912 2165 valeat
979 2097 1311 2176 voluntas,
1394 2097 1654 2162 omnino
1722 2096 1948 2178 aliquid
1995 2096 2120 2163 Iuri
2173 2096 2324 2164 Gal·

413 2227 539 2297 lico
587 2227 960 2293 contrarium
1012 2226 1253 2295 statuit.
1338 2224 1499 2291 Nam
1562 2225 1628 2290 in
1685 2223 1760 2289 iis
1810 2223 2165 2306 regionibus
2182 2254 2189 2263 ⁴
2207 2222 2324 2295 ubi

414 2353 794 2421 matrimonia
843 2357 1114 2441 legitima
1158 2356 1419 2422 dissolvi
1455 2370 1816 2438 nequeunt,
1865 2354 2179 2419 Romanae
2229 2354 2320 2420 le·'

411 2501 558 2568 gea,
598 2484 883 2566 quamvis
932 2500 1042 2567 per
1085 2501 1154 2550 se
1191 2496 1498 2565 spectatae
1549 2459 1858 2567 egregium
1892 2493 2204 2566 systema,
2257 2479 2325 2548 id

410 2628 546 2694 est,
591 2613 771 2695 plane
819 2613 1246 2696 temporibus,
1302 2615 1705 2697 moribusque
1740 2631 1810 2679 ac
1848 2610 2127 2694 publicae
2169 2625 2323 2675 con-

406 2744 625 2811 ditioni
657 2741 1114 2810 accomodatum
1134 2786 1159 2822 ,
1178 2743 1537 2809 contineant
1555 2788 1580 2823 ‚
1617 2742 1914 2807 hactenus
1953 2738 2085 2803 sine
2106 2734 2321 2803 absur-

406 2870 503 2934 dis
563 2872 1022 2951 consequentiis
1091 2890 1218 2937 non
1292 2871 1715 2938 admittuntur.
1801 2869 1960 2935 Illud
2002 2866 2164 2932 enim
2217 2861 2320 2931 hie

410 2997 615 3062 videre
641 3039 667 3076 ,
772 3014 914 3064 nam
996 3000 1141 3080 quia
1226 3000 1496 3065 civiliter·
1551 2998 1776 3065 mortui
1860 2991 2321 3061 matrimonium

406 3125 751 3208 legitimum
803 3141 940 3190 esse
983 3121 1224 3207 pergit,
1271 3127 1374 3191 vix
1413 3125 1668 3207 intelligi
1700 3135 1953 3206 potest,
1998 3116 2318 3202 quomodo

402 3248 633 3315 factum
690 3252 772 3316 sit
792 3293 819 3330 ,
890 3266 961 3316 ut
1027 3250 1195 3317 liberi
1252 3252 1397 3317 inde
1457 3248 1757 3332 procreati
1819 3245 1943 3312 sint
1994 3240 2320 3327 illegitimi·

398 3375 642 3442 Erroria
713 3390 913 3443 tamen
988 3378 1167 3460 origo
1221 3379 1344 3444 alte
1389 3392 1517 3443 non
1563 3374 1754 3453 latet,
1817 3371 2048 3453 quippe
2103 3385 2317 3435 rursus

399 3503 463 3568 in
519 3500 747 3570 feudali
792 3503 931 3588 jure
997 3504 1292 3590 originem
1359 3503 1607 3585 habet,·
1658 3520 1799 3567 cum
1869 3499 2031 3565 enim
2084 3493 2316 3573 felonia

396 3625 649 3695 feudum
696 3631 1007 3698 amittatur
1047 3653 1118 3699 ac
1149 3632 1222 3699 ad
1267 3634 1583 3701 dominum
1632 3642 2004 3709 revertatur,
2063 3622 2346 3699 forban«.

395 3760 549 3830 nitio
569 3775 770 3826 autem
791 3762 952 3827 nulla
982 3776 1143 3827 esset
1179 3761 1308 3828 sine
1339 3758 1614 3840 felonia3
1655 3756 2059 3824 constitutum
2078 3797 2103 3835 ,
2145 3763 2218 3819 ut
2244 3749 2316 3816 li·

393 3886 517 3954 beri
574 3886 869 3972 sanguine
912 3878 1193 3957 damnato
1229 3887 1530 3972 procreati
1549 3932 1574 3970 ,
1639 3887 1716 3954 ad
1764 3881 2146 3952 hereditatem
2194 3878 2313 3947 im·

1265 4012 1329 4081 G
1350 4031 1392 4097 g
1435 4034 1473 4083 2
2184 4026 2316 4075 mo·
