3000 4917
1212 359 1456 417 Ε
2170 366 2300 441 239

385 547 531 615 haec
595 561 767 631 agere
822 553 1162 627 nequeunt.
1231 539 1421 615 ,Nam
1444 584 1470 621 ‚
1542 540 1623 608 si·
1660 543 1837 625 plane
1904 544 2288 615 conveniunt

382 675 773 747 forbannitus
820 691 892 766 ac
939 670 1295 751 deportatus
1319 711 1344 746 ‚
1410 664 1680 733 abundat
1724 670 1981 757 citati03
2036 673 2132 742 sin
2183 694 2293 743 ve·

387 827 460 874 ro
525 805 647 871 sint
702 802 1026 869 dissimiles
1049 844 1074 880 ‚
1116 788 1338 865 falsum
1411 798 1608 880 quid,
1659 812 1766 866 aut
1813 802 1968 868 nihil
2041 803 2287 885 probat.
2374 780 2404 805 '⁶

289 900 302 907 -
386 932 580 1000 Priori
636 950 785 998 casu
835 896 998 994 enim
1053 926 1270 993 melius
1320 925 1547 993 fnisset
1591 926 1670 993 ad
1734 926 1894 994 Seti.
1978 928 2290 1000 Ludovici

388 1062 630 1127 decreta
710 1070 819 1147 aut
874 1053 1143 1139 Philippi
1205 1055 1283 1120 de
1345 1055 1749 1123 Beaumanoir
1801 1055 1899 1123 vel
1954 1056 2117 1124 Petri
2181 1060 2293 1127 des

390 1187 723 1255 Fontaines
813 1184 1042 1268 scripta
1121 1201 1464 1263 recurrere,
1547 1203 1703 1266 quae
1753 1201 1949 1253 veram
2020 1187 2110 1253 rei
2175 1187 2298 1255 ori-

281 1301 292 1309 ’
389 1317 593 1413 ginem
658 1289 1119 1394 demonstrantg,
1215 1329 1359 1415 cum
1418 1309 1536 1393 Jus
1617 1311 1970 1380 Romanum
2043 1327 2295 1381 eatenus

391 1459 626 1512 tantum
686 1444 881 1510 valeat
895 1487 921 1524 ‚
975 1452 1277 1524 quatenus
1325 1410 1775 1522 antiquioribus
1822 1428 2094 1508 moribus
2113 1486 2141 1524 ,
2183 1460 2298 1511 nec

392 1573 536 1639 dum
597 1570 896 1638 obsoletis
963 1566 1285 1634 conveniat
1339 1568 1668 1650 omnisque
1717 1587 1754 1634 e
1799 1569 2081 1655 Corpore
2125 1569 2167 1653 J
2167 1571 2298 1640 uris

384 1700 463 1766 ad
530 1688 935 1764 recentiorum
1012 1698 1178 1779 leges
1257 1695 1469 1761 citatio
1546 1697 1728 1763 tacita
1790 1698 1891 1764 illa
1964 1698 2298 1781 hypothesi

387 1828 642 1894 nitatur.
727 1824 891 1891 Cum
929 1824 1114 1906 igitur
1159 1820 1555 1889 defenderent
1605 1821 1926 1891 Gallorum
1969 1822 2164 1907 JCti,
2206 1827 2298 1893 ci·

287 1924 292 1929 ’
331 2047 336 2051 ²
388 1955 587 2023 viliter
636 1967 947 2022 mortuum
996 1964 1421 2019 testamentum
1464 1948 1664 2018 facere
1699 1969 1828 2019 non
1857 1970 2044 2033 posse
2066 1996 2093 2033 ,
2135 1953 2283 2035 quia

392 2083 754 2165 deportatus
815 2077 1054 2169 ‚capitis
1119 2078 1454 2145 minutione
1541 2081 1884 2146 testamenti
1957 2079 2296 2151 factionem

395 2210 657 2290 amittit,
690 2222 1128 2275 concesserunt
1162 2207 1418 2274 civiliter
1446 2221 1754 2275 mortuum
1789 2208 2095 2276 civitatem
2120 2209 2296 2276 amit·

385 2352 512 2403 tere
576 2335 941 2403 Romanam.
1044 2335 1192 2402 Hoc
1262 2347 1460 2402 autem
1480 2379 1510 2416 ,
1582 2336 1643 2402 si
1687 2335 1890 2417 priora
1936 2351 2171 2403 tantum
2224 2338 2293 2404 in

386 2465 738 2531 memoriam
800 2481 1153 2531 revocamus
1171 2509 1196 2545 ‚
1273 2459 1498 2530 falsu'm
1520 2510 1545 2545 ‚
1610 2441 1697 2531 ita
1745 2477 1817 2530 ut
1873 2481 2027 2531 vana
2073 2481 2291 2532 eorum

382 2595 575 2675 rati03
627 2591 737 2658 ubi
803 2593 964 2659 enim
1040 2592 1209 2659 deest
1277 2592 1598 2676 analogia,
1653 2592 1821 2659 nulla
1891 2605 2103 2676 potest
2153 2610 2292 2661 esse

333 2690 543 2806 ‘Juris
616 2720 883 2787 Romani
956 2719 1309 2804 applicatio.
1430 2716 1651 2791 Veram
1708 2719 1895 2804 igitur
1967 2720 2289 2788 tuebantur

386 2850 732 2931 opinionem
754 2893 779 2928 ‚
818 2846 975 2916 falsa
1016 2864 1215 2916 tamen
1264 2849 1781 2918 demonstratIOne
1825 2850 1927 2916 usi
1962 2863 2108 2915 sunt
2146 2867 2287 2914 cum

382 2975 546 3040 enim
594 2973 859 3056 probare
906 2978 1132 3042 vellent
1180 2978 1441 3042 civiliter
1489 2994 1803 3053 mortuum
1857 2989 2287 3043 testamentum

379 3098 580 3180 facere
626 3118 698 3165 ac
740 3100 1161 3167 haereditatem
1213 3101 1376 3166 adire
1443 3120 1572 3166 non
1626 3120 1858 3184 posse,
1911 3104 2068 3168 nihil
2119 3103 2287 3169 aliud

385 3231 781 3296 ostenderunt
846 3227 967 3295 nisi
1031 3228 1231 3308 illud,
1307 3229 1665 3310 deportatos
1729 3228 1896 3311 apud
1967 3228 2289 3296 Romanos

337 3348 343 3357 ’
384 3354 466 3425 ab
532 3357 612 3423 iis
675 3355 863 3423 arceri
878 3401 904 3438 ‚
967 3352 1351 3423 forbannitos
1403 3353 1728 3423 Gallorum
1783 3357 1851 3422 in
1897 3357 2290 3423 successione

382 3482 650 3571 legitima
690 3502 764 3550 ac
810 3484 1257 3551 testamentaria
1301 3501 1431 3550 non
1486 3484 1735 3550 meliore
1806 3498 1974 3549 sorte
2040 3485 2289 3567 gavisos

384 3606 610 3679 fuisse.

319 3833 326 3838 -
466 3737 621 3807 Non
687 3739 876 3823 igitur
962 3740 1119 3806 idem
1207 3741 1285 3806 de
1362 3738 1574 3822 legatis
1647 3758 1720 3806 ac
1790 3737 2283 3809 fideicommissis

379 3865 618 3937 dictum
680 3868 876 3952 v0103
940 3885 1088 3937 cum
1138 3870 1300 3953 enim
1351 3868 1629 3937 doctrina
1680 3870 1755 3935 de
1798 3868 2177 3939 testamentis
2213 3869 2284 3937 in

2145 3994 2292 4079 Jure
2397 4046 2409 4059 .
