3000 4917
1220 384 1466 446 ·.···....‘.=
2181 378 2312 469 255'

395 583 863 652 annumeratur,
942 581 1051 637 aut
1106 561 1427 634 intervenit
1472 561 1722 651 publica
1771 565 2130 644 auctoritas.
2210 577 2308 646 At

392 714 465 780 ex
514 713 708 770 morte
757 693 924 768 civili
970 690 1248 764 actiones
1288 687 1610 777 oriuntur,
1661 711 1818 780 quae
1861 695 1945 768 ita
1997 713 2146 770 sunt
2196 721 2308 772 ne·

388 821 682 899 ces'sariae
699 873 723 910 ,
774 840 847 893 ut
894 823 1014 892 nisi
1060 821 1163 890 lex
1203 819 1427 890 effectu
1472 839 1671 891 careat
1686 869 1714 908 ,
1757 823 2000 895 institui
2042 826 2304 901 debeant

382 971 449 1026 et
514 969 691 1026 actor
753 953 879 1038 iuri
934 969 1051 1051 §uo
1101 951 1454 1019 renunciare
1497 969 1626 1020 non
1673 950 1918 1038 poss-it3
1983 952 2062 1022 ab
2115 959 2302 1028 altera

264 1105 271 1114 ·
390 1099 563 1171 parte
628 1096 826 1148 tamen
890 1076 1192 1165 ejusmodi
1263 1093 1456 1163 sunt,
1537 1093 1611 1148 ut
1651 1080 1718 1146 §si
1767 1081 2128 1154 omittantur
2183 1100 2302 1155 nee

388 1211 631 1294 culpam
654 1255 679 1292 ,
730 1224 847 1277 nec
880 1207 1169 1275 delictum
1218 1203 1554 1292 inducant,
1596 1221 1703 1276 aut
1731 1229 1767 1276 a
1795 1206 2003 1296 iudice
2043 1214 2136 1279 vel
2175 1230 2300 1282 ma·

390 1341 650 1426 gistratu
708 1337 969 1406 exerceri
1017 1337 1265 1422 possint
1285 1382 1309 1419 ,
1362 1353 1479 1403 nec
1549 1337 1884 1421 quidquam
1907 1341 2153 1406 -exinde
2201 1357 2306 1408 se·

394 1437 659 1553 quatur,
710 1467 833 1534 nisi
884 1467 1215 1548 damnum,
1267 1465 1436 1548 quod
1488 1481 1566 1532 ex
1617 1465 1788 1534 omni
1863 1467 2096 1535 omisso
2143 1467 2304 1555 juris

389 1597 653 1663 remedio
701 1593 1020 1677 sequitur,
1074 1593 1138 1660 id
1180 1606 1313 1675 est,
1357 1607 1429 1660 ut
1483 1587 1742 1660 habeant
1796 1595 1969 1678 quod
1993 1643 1998 1654 .
2021 1595 2140 1662 sibi
2183 1597 2302 1664 im-

394 1737 637 1810 putent.
721 1720 963 1790 Deinde
1010 1737 1151 1788 cum
1184 1723 1462 1788 universa
1501 1722 1813 1791 actionum
1847 1723 2012 1790 basis
2057 1725 2142 1791 sit
2175 1725 2302 1808 pri·

390 1867 669 1920 vatorum
719 1852 1153 1932 commodum,
1212 1864 1340 1918 non
1392 1853 1699 1932 scienter,
1763 1853 1935 1934 quod
1981 1853 2132 1919 mihi
2187 1871 2306 1919 no*

387 1995 564 2064 ceat,
617 1993 814 2064 peto;
878 1980 942 2046 in
990 1991 1190 2046 morte
1226 1977 1394 2047 civili
1436 1997 1472 2044 e
1516 1978 1869 2060 contrarie,
1920 1981 1978 2046 si
2017 1979 2302 2066 coniugis

392 2110 495 2175 vel
542 2110 737 2194 patris
807 2107 1113 2177 damnatio
1171 2123 1303 2175 non
1353 2118 1550 2173 mutet
1605 2089 1888 2192 conjugis
1935 2107 2034 2174 vel
2077 2107 2303 2174 libero-

391 2255 528 2304 rum
606 2235 989 2304 affectioncm
1008 2280 1033 2318 ,
1110 2230 1176 2301 hi
1240 2251 1446 2303 revera
1502 2233 1736 2318 aliquid
1807 2249 2298 2318 persequuntur,

390 2366 561 2448 quod
615 2382 868 2448 propter
900 2379 1144 2452 causam
1165 2409 1193 2444 ,
1249 2364 1413 2431 unde
1464 2359 1916 2447 proficiscitur,
1978 2365 2056 2430 iis
2097 2380 2301 2431 revera

385 2489 772 2557 damnosum.
872 2487 1105 2556 Mortis
1179 2487 1370 2572 igitur
1447 2485 1650 2555 civilis
1725 2485 2022 2570 principia
2074 2485 2301 2569 habeut

378 2613 611 2700 aliquid
631 2663 656 2698 ,
712 2615 885 2701 quod
924 2615 1197 2700 sibiipsi
1232 2629 1571 2700 repugnat:
1629 2615 1853 2704 clarius
1893 2616 2096 2684 adhuc
2139 2613 2298 2684 illud

381 2743 447 2810 in
497 2739 695 2828 praxi.
782 2741 961 2810 Uxor
1021 2740 1182 2810 enim
1201 2787 1229 2826 ,
1284 2716 1441 2826 quae
1488 2743 1767 2811 maritum
1827 2745 2083 2830 eodem,
2160 2765 2293 2831 quo

381 2886 557 2938 antea
584 2914 609 2951 ,
684 2886 891 2936 amore
954 2870 1350 2953 prosequitur
1371 2917 1397 2952 ,
1470 2875 1645 2939 omni
1713 2891 1897 2956 opere
1965 2871 2130 2938 dotis
2191 2871 2292 2939 ve!

377 2997 681 3080 maritagii
757 2997 1114 3080 petitionem
1148 3041 1175 3078 ,
1265 3010 1373 3062 aut
1464 2997 1772 3063 bonorum
1859 2997 2222 3064 divisionem
2253 3041 2285 3078 ,

375 3125 609 3209 quibus
694 3123 1146 3191 matrimonium
1228 3137 1409 3189 suum
1496 3124 1772 3189 solutum
1855 3121 2038 3190 fateri
2105 3141 2292 3207 opor-

376 3265 510 3336 tet,
554 3249 761 3321 ‘vitare
832 3250 1179 3318 conabitur.
1299 3249 1530 3317 Nonne
1597 3250 1897 3318 levissima
1971 3269 2289 3336 argumen-

372 3393 484 3463 ta,
554 3395 918 3463 omnemque
992 3379 1059 3446 in
1092 3355 1111 3366 ⁶
1144 3379 1281 3462 lege
1358 3374 1756 3446 omisssionem
1838 3380 2082 3464 arripiet
2110 3424 2138 3461 ,
2213 3393 2288 3446 ut

374 3507 606 3577 liberos
666 3521 811 3590 post
866 3513 1123 3574 mortem
1198 3507 1437 3573 civilem
1509 3509 1856 3574 nascituros
1878 3552 1905 3588 ,
1964 3507 2033 3575 in
2087 3523 2287 3590 quan·

370 3649 503 3714 tum
572 3649 779 3718 potest
809 3681 837 3716 ,
914 3635 1199 3720 legitimis
1288 3635 1663 3720 aequiparet.
1787 3635 1908 3702 Sed
1977 3648 2044 3700 et
2107 3633 2286 3703 liberi

369 3778 510 3832 ante
588 3765 812 3832 cladem
897 3765 1076 3846 nati,
1175 3765 1461 3848 quamvis
1539 3762 1928 3831 hereditatem
2009 3763 2281 3848 parentis

374 3889 538 3988 adire
597 3907 940 3990 cogantur,
993 3894 1113 3985 nisi
1152 3909 1395 3962 omnem
1450 3891 1778 3980 abjecerint
1825 3893 2108 3978 pietatem
2129 3937 2157 3976 ,
2217 3892 2274 3956 si

2210 4019 2392 4105 m...
