3000 4917
666 382 754 444 4ο
1501 366 1748 425 =

679 552 884 635 justos
917 544 1257 634 speciminis
1273 545 1558 613 terminos
1597 544 1992 613 describendo
2013 546 2275 632 egrediar
2291 561 2394 615 aut
2424 566 2570 616 con·

684 675 975 743 trahendo
1024 673 1245 759 egregii
1291 672 1406 742 viri
1460 672 1830 740 ratiocinium
1894 688 2169 741 truncare
2236 674 2434 753 videar
2499 676 2576 741 ad

680 801 883 887 ipsum
957 803 1239 869 lectorem
1302 799 1478 867 mitto
1547 799 1726 883 (29).
1829 800 1950 867 Sed
2009 818 2137 869 non
2185 802 2292 869 illo
2339 815 2571 869 tantum

683 930 869 997 modo
916 930 1025 995 sed
1084 928 1263 995 etiam
1316 941 1628 995 contractu
1677 928 1988 1011 adquirere
2017 942 2252 1013 poterat
2298 929 2574 1011 deporta-

677 1068 783 1125 tus
802 1100 830 1138 ,
887 1070 1015 1123 non
1086 1071 1282 1123 tamen
1320 1055 1405 1145 ⁹in
1472 1074 1550 1123 eo
1589 1057 1724 1141 jure
1769 1054 2012 1139 speclali
2057 1055 2246 1123 utitur
2293 1057 2403 1123 sed
2437 1056 2574 1141 jure

680 1182 979 1251 Gentium
1041 1181 1269 1250 fruitur
1282 1228 1307 1265 ,
1364 1183 1513 1249 emit
1583 1196 1643 1249 et
1703 1184 1948 1266 vendit,
2012 1184 2170 1249 locat
2185 1228 2211 1266 ,
2249 1181 2573 1263 conducit,

676 1323 980 1395 permutat
994 1355 1022 1392 ,
1071 1308 1293 1377 foenus
1346 1323 1582 1379 exercet
1596 1357 1621 1392 ‚
1670 1325 1732 1377 et
1783 1324 2010 1379 caetera
2043 1310 2251 1379 similia
2271 1355 2297 1394 ,
2335 1324 2397 1377 et
2429 1328 2573 1393 pos-

684 1448 783 1502 tea
856 1435 971 1522 (id
1034 1449 1128 1503 est
1202 1452 1351 1520 post
1422 1436 1948 1523 deportationem)
2009 1439 2273 1521 quaesita
2333 1438 2574 1522 pignori

682 1563 827 1629 dare
852 1574 1058 1646 potest
1090 1562 1272 1648 (30).
1356 1562 1526 1630 Haec
1555 1564 1757 1631 omnia
1777 1564 1938 1631 enim
1965 1584 2002 1631 a
2046 1566 2219 1633 nullo
2258 1567 2395 1651 jure
2417 1563 2576 1633 civili

688 1690 954 1773 pendent
968 1736 994 1772 ,
1030 1704 1095 1756 et
1140 1689 1217 1756 ab
1256 1690 1333 1757 iis
1364 1690 1603 1759 demum
1651 1691 2112 1776 obligationibus
2131 1738 2157 1776 ,
2191 1712 2344 1777 quae
2373 1693 2564 1763 stricti
2649 1736 2654 1741 -

584 1796 595 1813 ’
681 1816 838 1902 iuris
856 1830 1145 1883 actionem
1165 1816 1405 1900 pariunt
1425 1864 1450 1899 ‚
1478 1818 1828 1903 deportatus
1845 1867 1870 1902 ,
1885 1821 2212 1903 repellitur.
2255 1820 2353 1888 Sic
2369 1838 2567 1903 neque

684 1960 1017 2027 usucapere
1034 1988 1058 2024 ,
1100 1956 1205 2010 aut
1228 1944 1572 2011 servitutem
1599 1946 1962 2014 constituere
1979 1992 2004 2027 ,
2046 1960 2152 2013 aut
2189 1966 2332 2013 suae
2365 1947 2449 2013 rei
2466 1946 2568 2014 ad-

686 2068 925 2152 quirere
958 2082 1188 2153 potest.
1229 2069 1554 2157 Quaeritur
1585 2084 1782 2139 tamen
1811 2089 1886 2138 an
1923 2071 2014 2139 uti
2044 2071 2167 2139 frui
2202 2073 2427 2155 possit.
2478 2076 2570 2141 At

658 2158 1025 2281 'negandum
1074 2195 1313 2265 videtur
1326 2243 1352 2279 ,
1400 2214 1542 2265 cum
1593 2214 1720 2263 non
1769 2210 2002 2265 tantum
2061 2198 2253 2268 media
2321 2214 2383 2266 et
2437 2218 2564 2269 ma·

680 2323 842 2391 xima
862 2366 889 2406 ,
928 2323 1037 2389 sed
1072 2336 1135 2391 et
1169 2322 1411 2391 minima
1438 2322 1654 2407 capitis
1689 2323 2086 2393 diminutione
2129 2325 2277 2393 illud
2319 2327 2422 2411 ius
2460 2346 2569 2409 pe·

674 2461 805 2515 reat
852 2448 927 2531 (3
940 2446 1029 2530 ι).
1109 2448 1258 2533 Jure
1293 2450 1718 2531 pandectarum
1759 2449 2021 2535 scillcet3
2056 2470 2192 2525 nam
2231 2472 2568 2538 jus-rmut-

675 2591 808 2640 uus
861 2571 1087 2639 mediae
1136 2586 1369 2640 tantum
1418 2589 1481 2640 et
1527 2575 1812 2643 maximae
1850 2578 2000 2645 illud
2047 2579 2285 2649 tribuit.

668 2732 675 2739 ·
758 2698 931 2786 Quid
971 2710 1166 2765 autem
1185 2745 1210 2780 ‚
1268 2700 1324 2765 si
1364 2713 1512 2782 post
1549 2702 2025 2783 deportationem
2077 2707 2468 2775 ususfructus
2502 2708 2566 2775 in

663 2825 949 2895 favorem
982 2825 1208 2894 exsulis
1241 2826 1642 2919 constituatur
1665 2828 1700 2894 l?
1742 2829 1826 2895 ait
1851 2848 2069 2916 nempe
2119 2852 2454 2903 narramus
2497 2835 2560 2901 in

668 2954 774 3025 ἰ.
823 2974 884 3023 ι.
928 2957 997 3049 s.
1039 2974 1101 3023 ι.
1144 2952 1365 3041 quibus
1400 2954 1589 3021 modis
1621 2962 2019 3037 usuffructus
2057 2960 2162 3028 vel
2197 2982 2342 3029 usus
2373 2966 2560 3029 amit·

686 3084 877 3149 titur.
985 3127 1026 3164 „
1064 3080 1187 3149 Sed
1241 3081 1325 3148 ita
1373 3081 1640 3149 demum.
1667 3083 1878 3165 capitis
1916 3084 2310 3155 diminutione
2357 3087 2570 3155 amitti·

682 3254 727 3293 ‚,
766 3223 868 3278 tur
914 3207 1339 3293 ususfructus,
1391 3208 1445 3275 si
1463 3210 1586 3294 iam
1623 3210 1988 3281 constitutus
2023 3229 2139 3282 est.
2244 3217 2558 3283 Caeterum

2413 3388 2455 3425 „
2493 3341 2546 3409 si

776 3600 812 3667 s
831 3596 939 3665 29)
963 3602 1183 3653 Manum
1231 3602 1571 3664 supplement
1599 3602 1669 3654 du
1705 3605 1930 3671 Repert.
1970 3609 2274 3664 Unius-sel.
2306 3610 2369 3661 de
2395 3611 2550 3671 June

676 3683 939 3748 prudente
987 3685 1041 3731 {a
1098 3695 1217 3733 voce
1266 3683 1414 3732 More
1449 3684 1624 3737 Civile
1657 3688 1786 3740 Art.
1835 3690 1911 3741 u.
1935 3692 2039 3745 No.
2065 3693 2120 3747 6.

771 3762 933 3826 (so)
978 3764 1104 3817 vid.
1148 3768 1219 3820 L.
1266 3781 1345 3830 15.
1391 3768 1457 3831 ff.
1488 3770 1554 3819 de
1587 3772 1796 3827 [πιστά.
1846 3777 1972 3830 Ret.
2006 3787 2061 3829 et
2109 3780 2248 3846 Dep.

752 3844 919 3914 Δ(31)
965 3844 1089 3903 vid.
1140 3860 1345 3903 raucus
1392 3851 1616 3919 accept.
1665 3858 1814 3920 sent.
1864 3860 1930 3913 1..
1976 3860 2082 3919 111.
2135 3864 2250 3919 Tit.
2277 3865 2332 3919 6.
2367 3864 2419 3928 §-
2465 3874 2547 3927 ει.

702 3972 713 4005 ἱ
