3000 4917
1223 419 1465 482 =
2183 437 2300 504 ¹¹3

378 597 615 682 opinio.
704 599 1019 685 Respectu-
1068 601 1477 672 contumaciae
1526 620 1670 672 vero
1724 603 1926 674 nullae
1970 621 2118 676 sunt
2169 607 2286 676 dlfae

373 727 700 796 ficultates.
784 727 949 796 Nam
992 741 1127 796 tum
1194 727 1655 814 proscriptionis
1703 731 1878 818 origo
1893 779 1919 816 ‚
1971 747 2102 801 tum
2127 735 2290 821 judi·

372 853 451 924 cii
510 854 709 924 forma
740 855 887 924 satis
939 875 1246 940 superque
1306 858 1598 941 suadent,
1667 876 1798 926 non
1843 877 2100 944 poenam
2149 881 2286 930 esse

369 985 481 1050 sed
542 983 793 1052 ultionis
858 984 1230 1068 remedium3
1297 984 1353 1053 si
1412 983 1574 1052 enim
1628 998 1862 1054 tantum
1934 986 2000 1054 in
2049 989 2288 1073 capiuli

367 1129 557 1178 causa
588 1111 935 1179 adhibeatur
954 1158 980 1195 ‚
1006 1129 1387 1194 consequens
1416 1126 1550 1194 est,
1581 1131 1750 1180 reum
1791 1107 2160 1196 praesentem
2183 1117 2284 1184 vel

370 1238 609 1306 absolvi
643 1239 741 1306 vel
756 1238 970 1308 ultimo
1006 1239 1159 1307 tradi
1191 1237 1499 1324 supplicio
1521 1286 1547 1323 ‚
1579 1239 1854 1323 ademue
1883 1241 2120 1310 nullum
2151 1261 2285 1310 eoae

370 1365 839 1450 proscriptionis
888 1368 1117 1434 locum.
1202 1367 1391 1454 Quod
1433 1367 1487 1434 si
1538 1368 1679 1450 quis
1723 1385 1872 1435 vero
1917 1364 2284 1438 forbannum

371 1509 578 1562 sumat
641 1513 759 1577 pro
830 1496 1007 1563 exilio
1070 1513 1209 1562 cum
1275 1495 1427 1580 juris
1507 1493 1697 1562 civilis
1763 1493 2098 1578 privatione
2113 1537 2142 1577 ,
2203 1495 2286 1564 ita

375 1637 445 1688 ut
477 1640 659 1688 casus
702 1621 975 1704 fuerint,
1016 1619 1244 1704 quibus
1273 1639 1584 1704 praesente
1625 1643 1732 1690 reo
1753 1672 1774 1701 ,
1812 1643 1940 1690 nou
1973 1639 2287 1694 contuma-

372 1747 511 1814 ciae
572 1765 751 1814 causa
796 1747 903 1814 sed
952 1762 1181 1830 poenae
1231 1747 1372 1812 loeo
1393 1793 1420 1829 ,
1472 1747 1854 1816 diffidationis
1892 1761 1954 1814 et
2006 1749 2288 1816 exbnnni-
2367 1753 2372 1756 ’

372 1873 567 1940 tionis
602 1876 1034 1956 pronunciatur
1066 1871 1360 1940 sententia
1403 1874 1528 1959 (ac
1578 1872 1757 1942 habet
1787 1871 1946 1966 forte
1985 1874 2286 1959 ejusmodi

376 2000 636 2068 historia
686 2003 1022 2084 exemplum
1043 2047 1069 2083 ,
1128 2000 1399 2084 quamvis
1437 2001 1515 2067 ad
1541 2019 1732 2068 meam
1774 2016 1904 2070 non
1947 2001 2290 2084 pervenerit

379 2130 753 2212 notitiam);
798 2129 1184 2198 nihilominus
1214 2146 1411 2196 tamen
1448 2129 1766 2198 dicendum
1784 2175 1809 2213 ‚
1843 2129 2101 2198 formam
2136 2148 2284 2215 pro·

380 2257 731 2340 scriptionis
786 2258 1039 2328 omnino
1102 2258 1429 2325 contrariae
1473 2257 1676 2326 favere
1735 2257 2053 2342 opinioni,
2123 2277 2280 2340 quae

380 2387 645 2470 primum
696 2385 1004 2454 citationes
1020 2432 1044 2468 ‚
1080 2386 1294 2454 deinde
1338 2403 1562 2454 annum
1610 2399 1672 2454 et
1721 2385 1874 2452 diem
1907 2383 2278 2470 expectando

384 2530 451 2580 et
503 2513 899 2597 poenitentiae
944 2513 1341 2582 constitutum
1392 2508 1644 2596 requirit
1659 2559 1686 2597 ,
1729 2527 2045 2598 antequam
2091 2514 2278 2599 pleno

376 2641 566 2710 -feriat
634 2640 956 2710 forbanno.
1056 2639 1430 2725 Proscriptio
1498 2639 1690 2728 igitur
1737 2655 1988 2710 eatenus
2043 2649 2277 2712 tantum

384 2787 483 2836 est
520 2769 855 2857 pacisfragii
872 2819 897 2852 ,
935 2771 1277 2840 rebellionis
1313 2771 1410 2840 vel
1440 2771 1639 2840 laesae
1686 2771 2010 2856 maiestatis
2039 2787 2281 2854 poena,

369 2913 689 2979 ,quatenus
750 2899 837 2965 rei
890 2917 1017 2965 nou
1066 2898 1287 2983 iudicis
1343 2897 1635 2982 potestati
1680 2895 2004 2978 subsunt,'
2051 2895 2152 2962 vel
2204 2893 2282 2958 ad

388 3025 523 3108 ejus
587 3025 849 3090 tribunal
890 3043 1126 3092 causam
1173 3025 1329 3092 tueri
1372 3036 1654 3092 recusant
1669 3067 1697 3105 ‚
1749 3040 1890 3088 cum
1941 3019 2018 3086 εἰ·
2037 3020 2116 3084 ad
2164 3017 2287 3082 Im-

380 3149 609 3235 periale
660 3150 900 3217 veniant
942 3149 1235 3235 Judicium
1270 3169 1339 3216 ac
1383 3149 1623 3231 culpam
1673 3159 1938 3212 avertere
1983 3156 2284 3226 nequeant

390 3273 592 3344 statim
638 3289 831 3342 morte
884 3270 1245 3359 plectantur.
1325 3274 1516 3361 Quod
1563 3271 1618 3338 si
1670 3270 1856 3356 igitur
1915 3268 2282 3338 forbannum

392 3405 505 3470 bac
566 3417 757 3472 aetate
807 3401 872 3470 in
930 3401 1254 3470 Germania
1299 3415 1459 3467 recte
1510 3401 1744 3468 dicatur
1791 3419 1958 3468 mors
2003 3398 2283 3467 secularis

376 3553 505 3602 ficu
534 3531 725 3608 civilis
739 3578 765 3615 ‚
798 3529 1011 3617 iniuria
1039 3543 1235 3596 tamn
1253 3525 1914 3612 poenae.accessorium
1945 3525 2279 3610 diceretur,

374 3661 617 3745 -quippe
660 3661 792 3744 ipsa
836 3656 1275 3744 proscriptione
1302 3656 1652 3724 continetur
1701 3654 1914 3722 mortis
1949 3655 2238 3736 sententia
2257 3701 2284 3738 ,

380 3807 547 3870 quae
594 3788 649 3856 si
686 3781 933 3856 tolletur
948 3835 975 3870 ,
1014 3801 1283 3854 mutatur
1313 3785 1412 3868 id,
1468 3785 1631 3852 uude
1676 3797 1804 3850 tota
1853 3801 1948 3850 res
1993 3783 2289 3870 ,originem

384 3915 581 3987 duxit.
662 3917 815 3984 Non
866 3915 1021 3984 enim
1042 3963 1067 4000 ,
1128 3930 1198 3993 ut
1242 3933 1340 3980 me
1384 3933 1570 4000 supra
1611 3911 1786 3984 dictis
1834 3913 1978 3983 satis
2035 3912 2285 4002 demon-

1345 4043 1393 4111 Ρ
2108 4051 2285 4102 strae-
