3000 4917
1871 320 1882 333 .

366 577 373 583 -
410 532 537 605 lum
568 535 867 604 attulerit:
910 534 1089 602 tertio
1113 582 1138 618 ‚
1170 537 1345 618 quale
1374 520 1608 620 ‘poenae
1627 536 2053 610 incrementum
2073 562 2146 611 ex
2172 564 2292 628 pu·
2409 616 2416 625 ,

410 660 723 731 blicatione
774 665 1074 732 bonorum
1124 677 1411 745 sequatur
1427 710 1451 746 ,
1493 680 1709 748 quarto
1744 667 2001 752 denique
2041 672 2196 754 quid
2222 650 2290 741 in

319 856 326 861 ,
410 781 783 859 restitutione
798 792 1205 859 damnatorum
1220 790 1630 860 Romanorum
1646 794 1904 878 jutissit
1946 798 2284 881 proprium.

418 950 425 964 ·
489 919 589 985 Ex
632 918 706 985 iis
727 963 751 1001 ‚
796 937 950 1001 quae
1008 936 1193 1003 supra
1256 918 1379 987 dixi
1431 934 1494 987 et
1546 940 1700 1004 quae
1763 922 1840 991 ab
1889 924 2018 993 aliis
2067 926 2292 997 doetis-

406 1042 575 1111 simis
624 1044 771 1113 viris
813 1046 889 1113 de
936 1046 1047 1114 hac
1085 1064 1151 1113 re
1194 1044 1265 1113 in
1327 1048 1518 1131 lucem
1549 1050 1936 1132 prodierunt:
1991 1069 2174 1120 nemo
2221 1053 2292 1121 in

330 1212 337 1224 =
406 1170 655 1239 duqum
725 1172 967 1242 vocabit
983 1219 1010 1256 ,
1085 1173 1232 1257 quin
1306 1192 1464 1257 aqua
1529 1190 1591 1273 et
1663 1175 1792 1261 igni
1884 1176 2298 1247 interdictione

408 1297 697 1367 continuo
730 1301 1076 1369 amittantur
1102 1303 1237 1387 iura
1270 1300 1562 1370 civitatis:
1625 1302 1768 1371 hinc
1805 1305 1914 1387 qui
1949 1305 2102 1373 hanc
2145 1325 2298 1391 poe-
2341 1320 2348 1327 ·

405 1443 539 1491 nam
600 1445 817 1517 passus
842 1442 966 1495 erat
1005 1432 1377 1517 peregrinus
1420 1418 1756 1501 dicebatur.
1852 1432 1946 1501 Ut
1987 1431 2170 1517 igitur
2219 1452 2294 1502 se

406 1566 717 1621 tuerentur
731 1600 757 1636 ,
830 1555 1186 1639 plerumque
1252 1575 1321 1623 se
1386 1556 1620 1625 cuidam
1665 1558 2014 1626 addicebant
2069 1559 2296 1629 civitati

405 1677 513 1745 ubi
558 1680 760 1746 sedem
813 1694 1145 1763 posuerant
1159 1728 1185 1763 ,
1260 1683 1532 1765 adeoque
1571 1686 1761 1769 legem
1809 1684 2108 1753 habebant
2124 1732 2151 1769 ,
2201 1705 2302 1753 se-
2428 1769 2433 1775 ,

406 1804 672 1871 cundum
723 1824 903 1888 quam
940 1806 1230 1874 viverent.
1312 1808 1565 1875 Difficile
1615 1823 1710 1876 est
1762 1808 1950 1894 igitur
2009 1808 2254 1877 definire
2269 1856 2300 1893 ,

408 1929 558 2011 quid
616 1948 791 2015 agere
856 1950 926 1999 ac
988 1930 1181 2001 facere
1238 1934 1586 2017 potuerintg,
1659 1936 1780 2004 hoc
1849 1934 2009 2000 enim
2056 1953 2093 2002 a
2152 1954 2300 2020 pro-

401 2055 533 2139 pria
598 2058 784 2143 hujus
839 2056 1093 2126 civitatis
1158 2060 1291 2145 lege
1361 2057 1662 2143 pendebat
1677 2105 1703 2143 ,
1774 2073 2034 2126 attamen
2082 2078 2158 2126 ex
2203 2059 2299 2127 di·

399 2182 589 2249 versis
628 2183 1001 2268 scriptorum
1048 2185 1202 2253 locis
1260 2186 1541 2270 colligere
1607 2198 1701 2252 est
1717 2230 1744 2267 ,
1793 2203 2118 2267 quousque
2157 2186 2296 2253 ino-

397 2328 536 2377 rum
624 2309 865 2380 libertas
910 2285 1011 2377 'in
1082 2324 1223 2378 actu
1307 2309 1469 2377 civili
1563 2309 2010 2393 circumscripta
2083 2310 2294 2380 fixerit.

398 2434 588 2523 Quod
648 2435 808 2503 enim
877 2426 1327 2503 matrimonium
1389 2432 1637 2518 attinet,
1695 2434 1914 2501 sufficit
1981 2436 2298 2505 monuisse

396 2562 555 2639 inter
614 2563 778 2631 cives
846 2563 1158 2631 Romanos
1236 2574 1467 2629 tantum
1524 2559 1824 2629 exstitisse
1870 2561 2242 2630 connubium
2258 2581 2289 2645 3

338 2724 341 2732 λ
395 2688 515 2755 hoc
561 2688 721 2757 enim
778 2688 934 2757 inter
983 2688 1295 2774 privilegia
1346 2688 1705 2772 quibusdam
1750 2687 1986 2756 Latinis
2041 2688 2296 2757 civitati·

391 2814 511 2882 bus
558 2834 917 2885 eoncessum
976 2816 1169 2885 fuisse
1198 2815 1445 2901 legitur.
1528 2815 1634 2881 Illa
1690 2813 1874 2898 igitur
1891 2862 1917 2897 ,
1953 2786 2110 2897 quae
2153 2812 2290 2899 Juri
2377 2876 2391 2889 ,

394 2941 580 3007 Civili
644 2941 925 3009 Romano
994 2942 1240 3026 propria
1295 2955 1389 3008 est
1456 2939 1637 3007 maris
1691 2954 1755 3005 et
1819 2938 2096 3005 foemnae
2145 2956 2295 3004 con-

383 3066 661 3152 junctio,
738 3066 1096 3135 individuam
1142 3066 1327 3135 vitae
1395 3063 1894 3131 consuetudinem
1965 3062 2290 3130 continens

386 3212 534 3269 eum
598 3193 845 3260 caeteris
859 3240 885 3275 ,
977 3212 1159 3275 quae·
1209 3191 1357 3259 huic
1384 3223 1389 3227 ·
1418 3190 1625 3257 affines
1711 3201 1858 3255 sunt
1872 3233 1899 3270 ,
1985 3187 2248 3269 sequelis
2264 3234 2292 3271 ,

391 3320 651 3390 tollitur.
733 3320 965 3387 Verum
1008 3336 1086 3385 an
1134 3330 1453 3406 propterea
1488 3324 1668 3380 omne
1701 3310 2008 3380 vinculum
2042 3328 2235 3383 cessat
2249 3315 2284 3382 ἓ

388 3447 833 3537 Nequaquam3
870 3444 927 3513 si
971 3464 1149 3514 casus
1185 3441 1377 3529 mai-iti
1407 3442 1502 3508 vel
1523 3439 1726 3507 uxoris
1761 3458 1890 3507 nou
1901 3454 2093 3509 mutat
2134 3457 2283 3509 con·

266 3633 271 3636 .
384 3577 551 3663 iugis
600 3573 975 3643 affectionem
997 3619 1023 3654 ‚
1068 3570 1220 3654 quid
1264 3568 1511 3653 impedit
1564 3585 1692 3650 quo
1743 3566 1944 3637 minus
1979 3567 2281 3636 matrimo-

390 3701 561 3769 nium
626 3722 695 3771 ea
751 3701 883 3786 lege
896 3742 923 3782 ,
981 3716 1137 3782 quae
1190 3697 1253 3765 in
1309 3695 1545 3776 civitate
1614 3696 1778 3781 viget
1810 3742 1837 3779 ,
1902 3698 2079 3803 cuius
2109 3697 2276 3767 cives

386 3827 531 3897 facti
569 3844 711 3899 sunt
744 3828 841 3899 vel
862 3829 997 3915 iure
1049 3824 1314 3913 gentium
1366 3824 1587 3924 durate
1614 3838 1846 3910 pergat.
1909 3824 2275 3908 Exemplum

1412 3951 1476 4019 D
2165 3948 2288 4026 hu-
