3000 4917
1284 390 1527 451 Ε
2273 390 2352 456 81

440 568 623 636 veniri
645 613 672 646 .
740 569 821 637 ita
883 564 968 637 ,ut
1029 567 1235 653 potius
1276 568 1352 635 ad
1388 567 1913 654 jurisprudentiam
1968 575 2154 661 huius
2211 578 2344 646 aevi

440 693 957 780 Longobardicam
1010 695 1104 762 vel
1152 693 1483 781 Romanam
1531 684 1869 783 pertineam
1938 698 2016 768 de
2076 720 2199 785 qua
2244 700 2340 770 in-

441 816 535 887 fm
601 819 961 891 videbimus.
1053 820 1191 887 stve
1267 799 1517 890 valaerit
1583 824 1995 908 mpttutartum
2055 846 2169 898 seu
2219 847 2336 914 po-

440 945 560 1014 tius
592 947 871 1016 Breviarii
904 960 1088 1035 caput
1105 994 1130 1029 ‚
1163 946 1291 1016 sive
1318 948 1518 1021 minus
1537 997 1562 1032 ‚
1609 951 1858 1037 cogitari
1885 954 2097 1038 nequit
2115 940 2204 1023 'de
2233 955 2343 1024 de·

439 1046 780 1158 portatione
813 1075 1228 1143 Romanorum
1275 1075 1529 1162 ejusque
1569 1051 1878 1162 sequen„
1927 1094 1999 1148 ut
2043 1095 2190 1165 pote
2220 1069 2337 1167 pu-

434 1196 593 1269 blico
632 1199 816 1270 statui
865 1201 1309 1269 Germmorum
1362 1220 1491 1271 non
1542 1203 1961 1294 conveniente.
2045 1204 2232 1274 Idem·
2255 1207 2335 1275 de

448 1326 627 1395 tertio
641 1373 667 1408 ‚
700 1346 826 1410 quo
841 1328 915 1395 de
930 1327 1343 1412 deportatione
1365 1328 1563 1414 agitur
1577 1377 1603 1414 ,
1621 1330 1763 1400 loco
1794 1329 2109 1401 dicendum
2125 1378 2151 1416 ,
2169 1332 2343 1416 quod
2459 1408 2462 1417 ,

433 1453 632 1522 ltaliae
679 1454 778 1521 vel
825 1453 1053 1522 Galliae
1097 1454 1418 1524 convenire
1444 1456 1653 1542 potuit
1668 1503 1694 1540 ‚
1739 1457 2013 1543 inprimis
2049 1477 2128 1527 eo
2177 1472 2332 1529 tem-

429 1601 579 1667 pore
595 1628 618 1663 ‚
652 1598 781 1667 ,quo
799 1579 1070 1648 Alaricus
1094 1599 1223 1648 eam
1254 1583 1573 1667 occupavit
1588 1630 1614 1666 ‚
1632 1602 1701 1651 ac
1716 1584 2078 1654 Breviarium
2093 1630 2119 1669 ‚
2150 1605 2187 1654 e
2201 1605 2333 1671 quo

431 1708 634 1779 locum
688 1705 916 1788 absque
974 1706 1102 1772 ullo
1152 1705 1380 1791 judicio
1425 1707 1723 1773 desumsit
1794 1708 2152 1778 Benedictus
2205 1710 2332 1780 Le·

436 1833 601 1915 vita,
651 1832 1054 1900 introductum
1114 1845 1250 1916 est3
1324 1833 1486 1916 apud
1546 1831 1891 1902 Germanos
1952 1834 2112 1902 enim
2130 1881 2156 1919 ,
2216 1836 2328 1920 qui

437 1981 749 2062 nunquam
766 1959 1000 2046 Legum
1020 1961 1423 2030 Romanarum
1439 1959 1849 2030 auctoritatem
1875 1942 2327 2047 cognoverant,

436 2087 512 2157 de
551 2107 748 2174 poena
790 2107 986 2156 cructs
1027 2102 1134 2159 aut
1177 2088 1553 2158 damnatione
1594 2089 1673 2157 ad
1716 2087 1942 2158 bestias
1985 2088 2134 2187 nihil
2175 2087 2322 2175 legi-

427 2232 549 2286 tur.
610 2217 762 2285 Non
792 2215 974 2301 igitur
986 2214 1132 2282 mihi
1148 2216 1339 2299 liquet
1360 2264 1381 2295 ‚
1409 2234 1523 2284 eur
1548 2215 2021 2307 <reportationem
2039 2186 2319 2285 {amitte-

427 2363 552 2413 rem
565 2370 607 2426 ‚·
659 2363 802 2412 cum
848 2357 1019 2410 totus
1068 2343 1166 2411 ille
1215 2343 1388 2408 locus
1432 2357 1538 2410 aut
1580 2343 1703 2429 jam
1754 2342 1818 2408 in
1865 2340 2318 2411 desuetudinem

431 2471 637 2543 abierit
650 2518 676 2554 ,
724 2484 828 2539 aut
864 2469 1022 2541 ultra
1054 2469 1254 2538 Italiae
1299 2471 1396 2538 vel
1434 2469 1664 2538 Galliae
1697 2468 1984 2537 terminos
2017 2456 2141 2536 vim
2184 2484 2315 2537 nou

427 2599 783 2669 exercuerit·
861 2598 1049 2687 Quod
1113 2617 1188 2666 eo
1236 2596 1633 2665 verosimilius
1695 2596 1806 2664 erit
1862 2595 2145 2681 quoniam
2196 2594 2322 2665 hoc

429 2727 759 2812 capitulum
811 2725 877 2793 in
927 2725 1286 2794 seditionum
1349 2741 1628 2793 auctores
1692 2722 2141 2823 animadvertit,
2205 2721 2317 2807 qui

425 2850 597 2919 facile
661 2851 726 2920 in
794 2852 1042 2921 historia
1112 2853 1313 2920 locum
1366 2832 1679 2921 inveniunt
1730 2869 1799 2917 ac
1863 2867 2125 2932 quorum
2164 2866 2317 2931 sup-

364 2956 371 2961 *
428 2976 674 3063 plicium
723 2976 1023 3044 rarissime
1069 2978 1132 3042 in
1183 2978 1476 3043 narrando
1524 2973 1886 3059 negligitur3
1936 2991 2149 3040 verum
2182 2973 2321 3043 nul·

428 3103 535 3173 libi
564 3117 811 3187 apparet
858 3121 967 3170 eos
1005 3103 1102 3169 vel
1147 3101 1211 3167 in
1263 3120 1502 3168 crucem
1550 3099 1743 3166 fuisse
1788 3112 1960 3164 actos
1974 3144 2000 3180 ,
2048 3096 2145 3164 vel
2171 3095 2310 3164 bes·

427 3229 526 3299 tiis
561 3229 833 3319 obiectos
851 3275 877 3311 ‚
920 3241 1025 3295 aut
1069 3227 1187 3293 alio
1241 3245 1418 3308 quam
1453 3223 1682 3310 vulgari
1699 3268 1725 3305 ,
1776 3223 1945 3305 quod
1986 3240 2172 3305 supra
2208 3240 2312 3292 ex.

392 3320 399 3331 ’
422 3355 740 3444 posuimus
758 3402 784 3441 ‚
813 3355 987 3422 exilio
1002 3354 1333 3420 damnatos.
1420 3351 1593 3418 Tuto
1606 3348 1788 3434 igitur
1812 3338 2082 3427 affirmari
2105 3361 2313 3432 potest

427 3485 898 3573 deportationem
937 3483 1353 3549 Romanorum
1388 3476 1707 3546 Germanis
1756 3464 2044 3562 ignotam'
2070 3473 2260 3555 fixisse
2276 3497 2309 3562 3

426 3633 498 3683 ac
570 3613 627 3680 si
701 3610 1044 3679 contraham
1062 3656 1088 3692 ‚
1161 3627 1315 3692 quae
1380 3607 1700 3687 hucusque
1765 3588 1845 3671 'de
1907 3604 2309 3687 capitulario-

420 3761 556 3815 rum
603 3739 1065 3827 jurisprudentia
1127 3737 1288 3820 dixi,
1346 3733 1659 3820 inpromtu
1742 3744 1876 3815 est,
1951 3730 2184 3833 nullum
2222 3729 2313 3801 ibi

418 3869 662 3955 reperiri
703 3868 1083 3955 institutum,
1128 3866 1297 3953 quod
1328 3883 1488 3967 ⁴vere
1541 3880 1707 3933 mors
1759 3859 1946 3931 civilis
1999 3859 2118 3929 dici
2162 3875 2354 3943 pos-n
2397 3913 2402 3918 .

789 3986 794 3993 “
1401 3989 1459 4062 L
1883 4000 1892 4005 ·
2237 3975 2317 4071 sit

2261 4077 2313 4110 A
