3000 4917
1245 339 1521 400 ....·--··.....
2186 344 2315 415 207

579 630 682 699 De
723 629 943 698 Morte
972 625 1165 698 civili
1191 628 1261 692 in
1295 621 1525 694 Gallla
1567 645 1614 692 a
1645 643 1990 696 Lunowco
2024 625 2136 698 lx.

776 775 965 845 usque
1054 750 1149 819 ad
1221 768 1666 821 rnauclsctm
1737 752 1794 821 1.
1865 752 1948 820 ab

1044 876 1174 943 Ao.
1266 893 1695 963 1229-1515.

475 1164 839 1244 -Postquam
897 1174 1247 1225 nummus
1290 1174 1654 1224 auousrus
1711 1156 1956 1227 devicto
2006 1178 2320 1247 jorranni:

416 1289 761 1381 Anglorum
801 1310 943 1379 rege
990 1310 1068 1358 eo
1122 1290 1513 1376 perduxisset
1564 1289 1788 1357 summi
1836 1287 2076 1377 imperil
2124 1290 2321 1375 vires,

415 1439 489 1491 ut
564 1442 691 1492 non
743 1424 906 1490 sicut
955 1434 1369 1487 antecessores
1435 1419 1670 1486 multos
1737 1419 2123 1489 subditorum
2140 1467 2167 1504 ,
2219 1433 2327 1489 aut

417 1568 592 1635 pares
615 1596 640 1630 ‚
700 1562 807 1614 aut
866 1543 1048 1613 etiam
1113 1545 1460 1629 superiores
1527 1544 1773 1613 haberet
1790 1593 1817 1629 ,
1917 1547 2107 1615 sicuti
2178 1564 2326 1631 pro·

411 1679 749 1745 vinciarum
805 1675 983 1759 copia
1003 1719 1027 1757 ,
1084 1675 1169 1741 ita
1212 1676 1447 1742 ratione
1502 1675 1771 1761 justitiae
1820 1696 1889 1745 ac
1933 1676 2322 1744 ferendarum

421 1807 626 1889 legum
699 1800 977 1867 licentiae
1043 1799 1265 1883 regiam
1335 1799 1688 1883 dignitatem
1768 1801 1960 1868 auxit.
2047 1802 2190 1889 Qua
2233 1800 2329 1872 fa·

421 1933 648 1998 cultate
698 1926 926 2011 egregie
980 1942 1130 1990 usus
1176 1937 1273 1990 est
1321 1941 1717 1991 nunovrcus
1770 1926 1859 1992 IX
1878 1971 1904 2008 ,
1959 1932 2070 2010 qui
2098 1945 2321 1998 revera

416 2056 692 2126 Gallicae
733 2053 1253 2137 jurisprudentiae
1303 2067 1522 2122 auctor
1591 2052 1712 2120 dici
1760 2069 1995 2137 potest.

497 2186 603 2253 Eo
676 2183 940 2251 consilio
989 2183 1231 2252 facilem
1292 2183 1557 2250 reddidit
1610 2183 2059 2268 appellantibus
2117 2183 2321 2252 curiae

415 2333 563 2385 suae
610 2315 838 2383 aditum
857 2363 882 2398 ,
956 2334 1027 2383 ac
1082 2328 1373 2400 quantum
1417 2315 1554 2382 sine
1614 2315 1917 2382 nobilium
1975 2313 2316 2382 offensione

417 2459 660 2531 poterat
710 2443 843 2510 fieri
865 2489 891 2526 ,
948 2463 1128 2511 casus
1184 2444 1455 2526 regaieS,
1527 2441 1593 2507 id
1638 2456 1735 2510 est
1755 2488 1781 2524 ,
1840 2460 2101 2524 quorum
2151 2439 2317 2526 judi·

411 2573 576 2640 cium
613 2572 774 2656 Regi
802 2573 1149 2656 competit,
1176 2587 1327 2639 sunt
1365 2571 1625 2637 extensi.
1707 2569 1798 2635 At
1830 2585 2123 2653 perpetua
2153 2569 2308 2637 bella

411 2719 485 2766 ac
532 2699 871 2768 discordiae
891 2746 916 2782 ‚
978 2697 1201 2782 quibus
1269 2716 1380 2783 per
1433 2699 1562 2765 duo
1609 2679 1740 2763 fere
1789 2699 2028 2766 saecula
2074 2699 2309 2765 nullum

413 2828 730 2910 imperium
752 2873 777 2908 ,
812 2827 933 2892 nisi
976 2827 1154 2910 cujus
1192 2824 1341 2891 libet
1384 2823 1640 2892 fortoris
1677 2823 2008 2893 habuerant
2089 2822 2308 2890 Franci

411 2968 596 3034 atque
613 2954 757 3019 hinc
797 2951 979 3018 duelli
999 2953 1227 3017 abusus
1249 2995 1277 3034 ,
1311 2955 1686 3018 sustulerant
1715 2952 1818 3017 illa
1837 2993 1864 3032 ,
1906 2967 2061 3033 quae
2112 2969 2146 3015 a
2184 2967 2306 3016 ca-

413 3098 591 3146 nono
641 3097 878 3144 naono
917 3079 1015 3143 vel
1057 3077 1442 3160 Burgundiae
1486 3076 1762 3158 Regibus
1800 3076 2137 3142 constituta
2170 3072 2306 3140 fue-

411 3218 571 3272 rant.
653 3203 918 3271 Romani
968 3203 1133 3287 Juris
1183 3222 1343 3268 rarae
1389 3221 1460 3269 ac
1494 3204 1581 3268 ita
1633 3201 1876 3283 quidem
1938 3170 2303 3285 corruptae,

409 3347 482 3398 ut
538 3330 645 3398 vix
692 3349 1051 3415 agnosceres
1069 3377 1094 3412 ,
1153 3331 1458 3413 reliquiae.
1548 3328 2047 3395 Consuetudines
2094 3342 2299 3396 autem

407 3477 537 3525 non
578 3456 821 3543 scriptis
876 3459 984 3524 sed
1030 3477 1149 3525 usu
1199 3477 1269 3524 ac
1319 3459 1610 3524 memoria
1657 3456 2064 3538 constabant3
2151 3457 2293 3524 hinc

409 3586 677 3654 diversae
736 3586 803 3654 in
878 3588 1059 3654 variis
1116 3587 1452 3670 provinciis
1517 3604 1627 3653 seu
1691 3581 1894 3651 feodis
1941 3585 2294 3671 majoribus.

406 3715 644 3782 Deinde
696 3713 802 3782 vix
849 3715 875 3801 j
883 3733 955 3782 us
1003 3733 1375 3798 componere
1409 3713 1532 3781 dici
1569 3726 1878 3797 possunt,
1918 3732 2059 3781 nam
2099 3726 2299 3781 tractu

387 3845 699 3928 -oemporis
769 3862 842 3914 ac
906 3842 1033 3913 aevi
1099 3844 1439 3929 ignorantia
1459 3890 1486 3927 ,
1565 3861 1635 3919 ea
1696 3843 2038 3913 exciderant
2055 3891 2081 3928 ,
2141 3860 2298 3926 quae

2177 3986 2306 4037 non
