3000 4917
1212 432 1454 492 Ξ
2161 439 2285 492 221

398 616 556 686 hanc
591 659 617 698 ,
689 604 975 700 quaeso,
1066 616 1131 682 in
1200 614 1721 698 disputationibus
1784 617 1946 686 viam
2027 615 2296 701 ingressi

405 744 673 813 fuissent
694 788 721 826 ,
777 746 835 813 si
884 745 1163 829 indigena
1215 744 1295 809 iis
1344 761 1511 810 mors
1563 744 1791 812 civilis.
1871 746 2095 813 Fateor
2128 745 2301 829 equi-

409 873 547 938 dem
591 871 718 938 dari
766 871 1043 954 potuisse
1092 870 1370 938 instituta
1392 914 1418 951 ,
1472 888 1629 952 quae
1663 871 1803 936 licet
1847 871 1922 938 ab
1967 890 2091 938 una
2122 885 2308 955 gente

411 998 733 1078 inchoata,
806 997 884 1063 ab
939 997 1072 1064 aliis
1121 997 1312 1080 magis
1365 996 1773 1075 evolvuntur,
1828 995 1913 1061 ita
1963 1009 2035 1061 ut
2091 1015 2307 1078 parum

409 1133 584 1215 juvet
652 1126 1027 1210 disquirere,
1084 1127 1227 1210 quis
1294 1122 1696 1190 fundamenta
1733 1123 2054 1205 posuerit,
2093 1139 2310 1189 verum

415 1258 538 1340 ipsi
600 1270 923 1338 auctoreS,
976 1257 1036 1323 si
1102 1274 1283 1322 suum
1334 1271 1498 1336 opus
1555 1251 1844 1336 perficere
1874 1253 2169 1336 cupiant,
2232 1252 2312 1319 ad

421 1387 561 1454 illos
583 1429 608 1467 ,
669 1385 778 1466 qui
825 1386 1036 1471 jacens
1091 1381 1430 1450 aedificium
1488 1394 1913 1451 exstruxerunt
1931 1428 1955 1464 ‚
2013 1397 2316 1448 recurrere

425 1510 690 1591 debent3
769 1510 922 1576 illud
996 1522 1198 1575 tamen
1254 1508 1328 1573 de
1383 1506 1866 1590 simplicioribus
1922 1512 2160 1574 tantum
2226 1507 2327 1572 in-

425 1635 856 1704 stitutionibus
908 1634 1102 1701 valere
1169 1646 1379 1716 potest
1399 1677 1425 1714 ,
1483 1650 1868 1717 nequaquam
1919 1635 1993 1700 de
2055 1633 2167 1699 hac
2219 1633 2323 1718 ju·

423 1767 509 1828 ris
572 1775 779 1845 parte,
852 1760 1082 1844 quippe
1139 1776 1295 1841 quae
1356 1777 1466 1840 per
1519 1776 1588 1824 se
1653 1776 1783 1827 non
1835 1778 2020 1826 unam
2093 1758 2355 1827 duasve*

419 1887 621 1973 Leges
643 1933 670 1971 ,
731 1890 841 1955 sed
879 1904 1149 1971 systema
1179 1886 1491 1970 quoddam
1530 1906 1601 1953 ac
1650 1889 2001 1972 analogiam·
2042 1888 2322 1971 requirit.-

418 2014 640 2083 Omnis
694 2017 856 2083 enim
926 2015 1097 2083 fictio
1120 2062 1143 2098 ‚
1187 2016 1320 2083 sive
1373 2017 1516 2083 data
1580 2035 1763 2100 opera
1812 2017 2149 2083 secundum
2202 2018 2325 2085 Le-

428 2163 566 2228 gem
623 2145 952 2212 naturalem
1005 2142 1301 2210 instructa
1352 2145 1476 2225 sit,
1532 2145 1668 2210 sive
1715 2165 1752 2211 a
1789 2145 2178 2212 similitudine
2212 2165 2327 2214 no-

429 2290 569 2337 men
619 2291 800 2338 suum
854 2285 1128 2340 mutuata
1186 2272 1268 2338 sit
1289 2316 1315 2353 ,
1392 2288 1534 2337 cum
1601 2272 1664 2337 in
1721 2271 2083 2353 quibusdam
2128 2292 2335 2340 neces-

421 2402 582 2468 sario
624 2420 660 2467 a
723 2402 975 2469 veritate
1023 2399 1262 2466 aberret
1284 2445 1308 2481 ,
1382 2418 1514 2466 non
1580 2418 1710 2466 uno
1762 2401 1892 2466 ictu
1941 2398 2282 2470 absolvitur
2301 2452 2328 2486 ,

421 2531 532 2597 sed
588 2550 623 2597 e
672 2530 945 2615 partibus
1005 2530 1288 2598 collectis
1363 2530 1598 2596 exstrui
1651 2544 1888 2597 tantum
1927 2545 2161 2613 potest.
2242 2533 2334 2601 Ita

432 2677 604 2726 mors
655 2658 855 2728 civilis
875 2706 899 2742 ,
956 2677 1111 2743 quae
1160 2658 1240 2725 ad
1286 2656 1615 2741 imaginem
1667 2660 2066 2743 separationis
2102 2664 2336 2730 animae

428 2807 501 2854 ac
537 2788 811 2873 corporis
830 2833 857 2870 ,
895 2801 958 2854 et
1002 2787 1167 2855 illius
1217 2783 1473 2853 effectus
1502 2833 1528 2868 ,
1559 2787 1794 2854 ratione
1845 2789 2160 2858 societatis
2217 2793 2336 2859 hu-

431 2930 645 2978 manae
711 2911 1043 2979 constituta
1117 2912 1289 2993 fuit,
1361 2900 1591 2978 nomen
1660 2932 1842 2978 suum
1898 2914 2155 2999 adipisci
2209 2936 2336 2984 non

440 3038 648 3120 potuit
672 3081 698 3118 ,
760 3052 1082 3120 antequam
1144 3040 1328 3105 variis
1388 3041 1874 3107 institutionibus
1940 3046 2036 3108 vel
2081 3062 2343 3110 consue-

442 3165 659 3231 tudine
728 3180 894 3232 esset
969 3167 1386 3232 introductum
1413 3210 1437 3246 ,
1520 3180 1591 3232 ut
1658 3156 2028 3248 quibusdam
2097 3170 2342 3241 casibus

445 3293 692 3359 vincula
744 3292 893 3374 illa,
966 3309 1124 3373 quae
1183 3289 1494 3357 hominem
1545 3292 1819 3358 societati
1867 3295 2168 3378 jungunt,
2225 3300 2345 3365 sal·

423 3434 570 3489 ·tem
618 3438 733 3502 pro
765 3418 1023 3485 maxima
1062 3430 1235 3499 parte
1268 3417 1675 3486 solverentur.
1760 3416 1928 3485 Hinc
1961 3420 2129 3495 Galli
2165 3424 2222 3490 si
2259 3424 2346 3490 rei

446 3538 620 3612 fuere
648 3561 970 3627 auctores,
1012 3544 1069 3610 si
1114 3545 1213 3610 vel
1250 3562 1476 3610 nomen
1514 3520 1907 3625 invenerint,
1944 3550 2118 3617 etiam
2152 3550 2347 3635 ipsam

446 3693 573 3741 rem
659 3674 738 3739 ad
826 3672 1148 3755 quemdam
1227 3668 1621 3754 perfectionis
1704 3642 1957 3757 ⁴gradum
2041 3680 2353 3761 perduxis-

446 3825 560 3886 se,
641 3805 942 3886 sequitur.
1066 3799 1257 3887 Quod
1325 3803 1382 3871 si
1438 3821 1698 3886 verum,
1789 3806 1980 3889 magis
2033 3809 2355 3893 magisque

449 3937 653 4005 mirari
697 3947 985 4018 oportet,
1051 3950 1236 4015 quare
1288 3931 1454 4000 Galli
1508 3951 1636 4000 non
1685 3936 1932 4020 propria
1985 3900 2373 4005 servavermt'

1355 4063 1548 4147 Ee3
2286 4078 2358 4127 ac
2466 4066 2475 4079 ¹
