3000 4917
1312 397 1558 459 Β
2272 405 2397 479 227

475 574 722 650 saeculo
792 579 1010 649 vivunt
1028 625 1053 661 ‚
1129 578 1346 647 deinde
1401 581 1739 664 paupertati
1781 574 1945 651 haud
1996 595 2214 666 pamm
2268 587 2389 655 ob·

461 728 596 779 stat
633 730 804 778 usus
852 729 925 778 ac
999 708 1230 776 abusus
1297 709 1565 792 peculii,
1652 711 1820 792 quod
1872 711 2194 779 ordinibus
2249 715 2389 796 qui-

474 840 726 907 busdam
816 849 1127 920 receptum
1196 848 1291 900 est
1312 880 1335 913 ‚
1413 832 1814 901 nihilominus
1882 838 2165 908 universe
2188 885 2217 923 ,
2322 844 2382 911 si

467 965 847 1034 attendamus
894 966 970 1031 ad
1029 983 1099 1031 ea
1122 1011 1147 1046 ‚
1222 981 1373 1046 quae
1414 960 1553 1029 fieri
1613 962 1839 1031 debent
1897 966 2048 1034 satis
2118 971 2378 1039 concedi

471 1108 681 1179 potest
740 1113 848 1161 eos
872 1142 896 1177 ‚
948 1115 1016 1161 ea
1074 1094 1351 1163 amisisse
1392 1095 1528 1179 iura
1552 1139 1577 1175 ‚
1653 1100 1809 1175 quae
1860 1093 2144 1188 homines
2189 1099 2381 1183 vulgo

467 1224 536 1290 in
584 1222 875 1290 societate
922 1241 1223 1290 exercent.

555 1352 717 1419 Nam
765 1353 936 1421 Galli
980 1354 1086 1435 qui
1139 1353 1239 1417 hic
1294 1351 1496 1418 multa·
1535 1351 1627 1416 de·
1654 1320 1885 1433 jurium
1936 1348 2212 1416 civilium
2257 1347 2386 1433 pri·

474 1483 722 1547 vatione
796 1482 956 1547 ratio
1033 1480 1349 1560 disputant
1426 1477 1581 1544 mihi
1626 1477 1911 1544 videntur
1961 1478 2053 1545 rei
2114 1477 2383 1546 indolem

467 1622 606 1672 non
674 1607 821 1674 satis
897 1608 1255 1690 intelligere.
1354 1605 1608 1693 Quippe
1681 1607 2105 1689 religiosorum
2180 1618 2384 1674 status

481 1751 610 1800 non
644 1752 680 1798 a
717 1734 849 1817 lege
892 1733 1059 1800 civili
1115 1733 1409 1816 originem
1468 1733 1686 1814 ducit·,
1738 1735 1848 1799 sed
1895 1746 2049 1800 voto
2098 1751 2219 1800 suo
2265 1733 2387 1798 hu-

469 1861 675 1927 manis
741 1859 924 1926 rebus
983 1863 1303 1949 pre'mario
1366 1879 1437 1925 ac
1477 1874 1600 1946 per
1652 1860 2141 1947 consequentiam
2190 1859 2388 1927 civill-

471 1988 599 2054 ·bus
657 1988 1035 2055 renuntiant.
1141 1988 1332 2075 Quod
1378 1987 1498 2053 nisi
1544 1984 1769 2053 fuisset
1820 1986 2103 2055 conciliis
2155 2004 2230 2054 ac
2273 1986 2397 2061 1³&

479 2116 984 2198 parumrdecretis
1027 2114 1433 2183 constitutum
1456 2160 1481 2196 ‚
1518 2130 1651 2180 non
1688 2113 1914 2196 video·⁹
1956 2115 2070 2196 qui
2112 2110 2390 2198 iustitiae

479 2243 802 2326 principiis
842 2234 1290 2309 accommodari
1341 2242 1546 2325 possit
1599 2241 1858 2307 dominii
1904 2241 2010 2326 jus
2062 2241 2251 2308 adimi
2282 2242 2387 2309 vel

480 2370 580 2436 vel
618 2372 789 2452 tolli,
832 2370 950 2436 nisi
1000 2388 1233 2453 poenae
1279 2370 1557 2435 nomine.
1649 2367 1814 2435 Hinc
1858 2369 2077 2453 injuria
2130 2368 2390 2436 societt-

477 2500 561 2564 tis
608 2496 761 2582 Joeu
813 2498 1097 2564 membris
1151 2512 1426 2564 menna
1480 2474 1737 2564 mortem
1771 2495 2011 2563 civilem
2066 2495 2379 2576 obtrudit}

473 2626 755 2707 quamvis
814 2628 1143 2692 concedam
1199 2626 1364 2691 haud
1414 2640 1632 2708 parum
1692 2622 1982 2708 publicae
2035 2625 2216 2692 saluti
2265 2632 2384 2690 nd-

474 2770 611 2818 cere
640 2754 893 2820 classem
945 2754 1261 2821 hominum
1282 2801 1306 2835 ‚
1369 2755 1479 2837 qui
1515 2753 1682 2820 bona
1715 2752 2033 2836 adquirere
2068 2759 2377 2836 possunt,

473 2879 563 2944 ita
615 2894 684 2944 ut
730 2880 795 2945 in
842 2896 1202 2963 perpetuum
1249 2883 1631 2949 universitati
1671 2882 1912 2948 cuidam
1953 2882 2210 2963 cedant,
2255 2898 2387 2961 quo

476 3004 818 3070 necessario
872 3004 987 3085 fit,
1044 3018 1116 3070 ut
1167 3006 1341 3072 brevi
1393 3007 1582 3090 hujus
1648 3025 1802 3090 opes
1850 3020 2087 3089 praeter
2136 3007 2387 3072 modum

483 3144 814 3213 augeantur
832 3172 859 3212 ,
913 3150 983 3197 ac
1033 3133 1251 3196 merito
1305 3133 1497 3197 vereri
1549 3132 1806 3199 debeant
1851 3133 2019 3198 cives
2037 3177 2063 3212 ,
2101 3149 2183 3199 ne
2220 3143 2380 3199 nao-

479 3270 551 3324 tu
612 3257 910 3341 temporis
986 3258 1327 3340 respublica
1382 3259 1625 3324 cuidam
1682 3259 2125 3325 monachorum
2185 3259 2390 3326 ordini

475 3385 680 3451 cedat.
785 3385 929 3451 Hoc
999 3398 1206 3450 autem
1263 3368 1546 3451 universe
1610 3388 1688 3451 de
1745 3372 2031 3451 omnibus
2098 3380 2223 3453 dici
2273 3404 2390 3470 po-

473 3516 648 3592 test,
716 3526 906 3595 atque
966 3526 1220 3581 eatenus
1278 3514 1493 3578 mortis
1548 3514 1745 3580 civilis
1793 3513 2106 3580 institutio
2163 3515 2396 3584 laudari

474 3652 685 3722 potest
705 3683 730 3721 ,
794 3653 1093 3722 quatenus
1160 3640 1441 3707 avaritiae
1509 3640 2024 3709 monasterialium
2072 3644 2230 3711 vau·
2278 3660 2399 3728 op·

483 3767 787 3849 posuerit.
849 3769 966 3833 'At
1006 3784 1135 3835 non
1186 3786 1414 3849 omne,
1449 3765 1643 3851 ”quod
1697 3769 1894 3850 utile,
1948 3770 2213 3855 justum.
2298 3769 2392 3838 Ut

481 3908 553 3960 ut
586 3912 733 3979 est3
789 3913 960 3964 mors
994 3895 1192 3967 civilis
1225 3896 1664 3964 monaehomm
1714 3914 1829 3981 per
1879 3916 1947 3979 se
1992 3896 2142 3966 nihil
2180 3894 2431 3977 aliud‚‘

1349 4020 1400 4090 F
1417 4020 1455 4088 f
1489 4042 1529 4089 2
1914 4068 1921 4074 -
2084 4016 2095 4025 ’
2279 4020 2402 4090 nisi
