3000 4917
598 354 685 429 ῃ
1420 348 1666 408 =

592 534 773 618 cujus
786 576 812 615 ,
871 543 941 599 ut
968 531 1051 599 ait
1090 528 1419 614 Imperator
1457 529 1796 599 Alexander
1812 575 1838 613 ,
1875 531 2230 601 laudandum
2267 550 2495 619 propo-

594 658 779 727 situm
796 705 823 743 ,
854 658 1029 725 -vivo
1082 659 1339 743 conjuge
1354 705 1379 740 ‚
1440 671 1503 725 et
1571 675 1698 724 non
1755 657 2056 726 dissoluto
2114 661 2496 728 matrimonio

590 786 791 853 dotem
843 784 1055 867 recipit
1110 788 1246 867 (40
1266 790 1327 866 ).
1434 764 1442 771 ’

676 914 864 1001 Quod
888 914 965 979 ad
992 911 1214 979 liberos
1244 930 1391 978 vero
1417 912 1626 979 attinet
1639 958 1665 997 ‚
1701 913 1756 980 si
1785 914 1882 981 vel
1907 926 2119 998 postea
2135 926 2495 995 nascantur,
2585 996 2594 1009 ο

596 1040 747 1109 fisco
798 1058 1128 1125 occupante
1184 1060 1258 1107 ex
1280 1040 1606 1109 hereditate
1651 1056 1894 1126 paterna
1925 1042 2079 1127 (41)
2100 1091 2125 1125 ,
2167 1058 2321 1124 quae
2363 1060 2494 1108 cae-

594 1182 728 1233 tero
758 1167 909 1251 quin
952 1166 1204 1233 naturali
1233 1167 1365 1251 lege
1394 1168 1471 1233 ad
1513 1185 1620 1235 eos
1647 1168 2026 1252 pervenirent
2039 1216 2064 1251 ,
2105 1169 2254 1235 nihil
2285 1167 2496 1250 adqui-

597 1308 741 1362 runt
760 1342 785 1377 ‚
818 1293 933 1361 nisi
982 1292 1223 1377 speciali
1254 1293 1546 1378 Principis
1597 1295 1884 1363 beneficio
1908 1276 1997 1362 ‘iis
2026 1296 2121 1362 vel
2166 1314 2306 1379 pars
2325 1342 2351 1377 ,
2395 1296 2493 1362 vel

598 1420 928 1488 substantia
961 1420 1260 1488 bonorum
1277 1423 1642 1489 concedatur
1660 1469 1686 1505 ,
1706 1437 1810 1491 aut
1825 1424 2139 1506 deportato
2159 1422 2496 1505 relinquan-

580 1554 700 1616 ‘tur
747 1546 941 1634 (42),
1000 1547 1110 1631 qui
1154 1546 1355 1615 statim
1402 1548 1479 1615 ad
1508 1547 1731 1616 liberos
1748 1596 1777 1631 ‚
1825 1550 2000 1632 quasi
2037 1564 2279 1617 mortuo
2324 1563 2490 1633 patre

598 1675 881 1743 intestato
895 1722 919 1757 ‚
976 1673 1283 1741 transfert.
1340 1674 1545 1760 Magis
1579 1690 1778 1742 mmen
1811 1674 1878 1741 in
1913 1676 1986 1743 iis
2023 1676 2336 1760 aequitatis
2383 1675 2494 1743 im·

598 1802 847 1885 pulsum
904 1820 1081 1885 quam
1138 1818 1477 1885 germanam
1535 1801 1704 1893 Juris
1734 1802 1996 1871 Romani
2025 1804 2352 1871 doctrinam
2399 1822 2495 1870 se·

600 1943 781 1998 cutus
832 1943 925 1999 est
981 1928 1312 2013 Imperator
1344 1975 1369 2012 ,
1416 1942 1488 1995 ut
1527 1927 1592 1995 in
1641 1942 1957 2012 posterum
2015 1928 2376 1997 videbimus.

682 2056 774 2125 At
816 2054 1089 2138 quamvis
1123 2053 1271 2141 Jure
1314 2054 1741 2123 Pandectarum
1780 2055 1942 2121 bona
1974 2053 2050 2121 ad
2081 2054 2298 2131 fiscum
2329 2068 2494 2123 tran·

603 2196 773 2251 scant
792 2230 815 2267 ,
884 2184 1019 2269 jura
1076 2196 1426 2266 patronatus
1498 2198 1627 2248 non
1685 2196 1884 2249 tamen
1943 2200 2018 2248 eo
2051 2182 2346 2267 pertinere
2377 2182 2493 2278 ‚vi-

604 2312 842 2379 dentur.
947 2308 1330 2379 Dissentiunt
1391 2323 1593 2377 tamen
1652 2307 1765 2377 viri
1829 2308 2020 2379 docti.
2118 2309 2360 2395 Nempe
2416 2309 2497 2379 ait

602 2438 920 2521 Alphenus
970 2436 1208 2504 Varus:

690 2608 736 2645 „
773 2564 933 2632 Eum
952 2609 977 2643 ‚
1018 2562 1127 2645 qui
1154 2561 1451 2629 civitatem
1480 2562 1817 2646 amitteret,
1855 2562 2009 2629 nihil
2022 2563 2180 2631 aliud
2207 2563 2358 2649 juris
2372 2548 2494 2629 adi·

614 2738 657 2776 „
696 2710 858 2759 mere
906 2688 1107 2757 liberis
1128 2735 1154 2773 ,
1198 2690 1317 2756 nisi
1360 2690 1531 2772 quod
1561 2688 1638 2756 ab
1670 2689 1808 2774 ipso
1858 2705 2284 2774 perventurum
2333 2702 2492 2757 esset

612 2864 657 2903 ‚,
695 2820 771 2888 ad
820 2836 926 2887 eos
949 2865 973 2901 ,
1018 2817 1076 2883 si
1135 2817 1451 2887 intestatus
1496 2816 1562 2883 in
1616 2815 1862 2885 civitate
1891 2829 2220 2885 moreretur
2249 2816 2366 2883 hoc
2400 2831 2492 2883 est

612 2992 657 3032 „
694 2948 1070 3015 hereditatem
1111 2946 1244 3030 eius
1274 2959 1336 3012 et
1378 2943 1671 3028 libertos,
1711 2959 1772 3011 et
1810 2944 1863 3011 si
1899 2944 2050 3027 quid
2083 2944 2244 3012 aliud
2277 2944 2342 3010 in
2375 2945 2494 3012 hoc

614 3120 656 3158 „
695 3094 909 3161 genere
958 3072 1199 3158 reperiri
1254 3085 1505 3157 potest3
1555 3090 1710 3154 quae
1756 3090 1903 3139 vero
1953 3078 2151 3139 nona
2181 3086 2350 3157 patre
2367 3156 2374 3165 ¹
2389 3072 2498 3140 sed

613 3246 657 3283 ,‚
693 3223 728 3269 a
780 3222 992 3287 genere
1038 3222 1073 3266 a
1127 3197 1371 3267 civitate
1390 3245 1415 3280 ,
1475 3218 1512 3265 a
1546 3216 1747 3268 rerum
1795 3210 2006 3266 natura
2051 3199 2454 3267 tribuerentur
2474 3246 2499 3281 ,

614 3372 657 3412 η
696 3349 764 3399 ea
817 3330 888 3396 iis
936 3346 1171 3397 manere
1220 3324 1540 3395 incolumia
1569 3326 1614 3354 ’'

2308 3514 2315 3521 .
2367 3451 2499 3519 Ob-

710 3599 872 3665 (40)
918 3600 985 3649 L.
1018 3616 1068 3654 1.
1111 3602 1238 3653 coa.
1268 3602 1333 3652 ae
1378 3576 1663 3667 nemus.

708 3684 861 3747 (41)
906 3684 1035 3742 vid.
1083 3686 1152 3738 L.
1203 3698 1252 3738 ι.
1310 3686 1377 3749 ff.
1442 3688 1508 3736 de
1553 3686 1697 3737 bonis
1743 3685 2128 3739 damnatorum.
2189 3680 2277 3735 ef.
2319 3682 2390 3733 L.
2434 3693 2490 3745 7.

613 3766 681 3830 Ῑ.
714 3768 868 3908 (αΣ-Ξ.)
930 3846 1054 3903 Vidn
1122 3850 1265 3901 NOV-
1324 3846 1502 3903 XVII·
1567 3859 1687 3914 clp-
1743 3860 1826 3901 120
1883 3847 1952 3905 ef·
1998 3844 2495 3935 ΝθγτΟΧΧΧνῙιο

616 3942 733 3997 capo
783 3931 890 3984 ult·
