3000 4917
1228 383 1475 424 ··““““““
2189 397 2318 466 1⁵³

1230 419 1473 443 m

404 571 600 658 magia
656 582 893 638 serva-re
948 567 1054 652 jus
1106 563 1426 650 cupiebant
1447 603 1475 643 ,
1527 581 1612 632 ne
1651 569 1730 636 iis
1767 565 2018 640 frenum
2037 573 2314 660 injicere-

397 715 526 768 tur.
606 699 923 766 Praeterea
962 673 1095 778 illi,
1143 712 1411 778 quorum
1470 713 1596 764 vox
1636 697 1894 784 alicujus
1960 702 2258 770 momenti
2277 739 2308 784 ,

400 827 649 897 brevem
711 827 1106 914 iurisiurandi
1156 827 1255 892 vel
1308 843 1554 910 pugnae
1601 829 1958 898 methodum
1993 829 2312 898 diuturnis

398 957 470 1024 in
538 954 691 1026 ,foro
762 954 1286 1042 disputationibus
1356 957 1826 1042 praeferebant3
1933 959 2080 1027 dum
2167 959 2310 1030 ltaii

410 1102 453 1156 e
487 1097 703 1150 contra
736 1085 1065 1152 violentam
1114 1084 1280 1150 illam
1324 1082 1451 1150 litis
1502 1083 1868 1152 dirimendae
1908 1089 2200 1154 rationem
2246 1091 2314 1158 ita

400 1211 759 1280 civitatibus
814 1215 947 1282 suis
1014 1212 1183 1299 prius
1226 1214 1348 1299 jam
1390 1217 1843 1298 deposuerant,
1875 1233 1990 1282 nee
2045 1231 2165 1284 tam
2209 1224 2314 1302 adq

410 1358 631 1408 versus
686 1340 1113 1429 Imperatorem
1135 1388 1160 1424 ‚
1208 1359 1395 1426 quam
1456 1343 1748 1408 adversus
1793 1345 1928 1428 ejus
1981 1359 2319 1416 sectatores

411 1469 647 1538 benum
692 1473 1023 1556 gerebant,
1066 1489 1277 1538 vetum
1315 1472 1485 1537 omni
1525 1471 1716 1538 modo
1748 1471 1942 1554 Papae
1981 1473 2313 1542 molimini*

414 1599 541 1666 bus
572 1617 643 1664 se
678 1595 1107 1682 opponebant.
1204 1594 1304 1662 Ex
1352 1596 1558 1663 Irnerii
1593 1599 1804 1682 igitur·
1839 1601 2076 1668 scholis
2125 1619 2319 1701 novae

409 1725 581 1792 iliius
597 1724 1111 1810 jurisprudentiae
1146 1725 1446 1807 studium,
1500 1728 1678 1807 quasi
1713 1742 1902 1811 rupto
1942 1743 2192 1815 aggere,
2225 1733 2320 1797 in-

402 1839 689 1920 'credibili
743 1853 974 1935 impetu
1020 1853 1085 1920 in
1143 1853 1374 1920 Italiam
1442 1854 1669 1936 erupit.
1769 1857 1857 1921 At
1878 1897 1904 1936 ,
1967 1856 2110 1922 licet
2171 1873 2323 1922 con·

419 1983 829 2052 tinuolabore
848 1983 992 2052 huic
1007 1988 1317 2054 doctrinae
1332 1985 1758 2053 incumberent
1777 1987 1980 2064 multi,
2005 1985 2320 2069 primistat
2358 2045 2361 2054 .
2403 1951 2420 1960 ⁹

411 2129 553 2178 men
603 2113 983 2196 temporibus
1030 2093 1265 2184 nullum
1301 2111 1431 2182 fere
1471 2117 1548 2181 ad
1599 2115 1974 2182 intellectum
2015 2112 2320 2200 fragmen·

422 2253 629 2306 torum
650 2287 677 2324 ,
696 2257 857 2328 quae
874 2257 1135 2324 corpore
1153 2242 1313 2327 juris
1344 2239 1742 2308 continentur
1763 2288 1790 2325 ,
1807 2243 2012 2310 lumen
2033 2244 2315 2325 accessit,

401 2387 613 2438 verum
656 2371 777 2436 hoc
816 2387 1033 2438 contra
1066 2387 1415 2440 truncatum
1452 2391 1527 2438 ac
1562 2388 1919 2456 corruptum
1963 2387 2090 2442 est.
2163 2372 2318 2438 Non

396 2498 561 2564 enim
599 2500 707 2566 ilio
752 2501 1099 2566 studiorum
1124 2514 1417 2585 apparatu
1466 2513 1634 2566 erant
1679 2499 1976 2582 praediti,
2013 2513 2085 2565 ut
2121 2497 2314 2582 scrip·

398 2643 462 2695 ει
518 2627 819 2713 JCtorum
894 2625 1319 2696 Romanorum
1385 2628 1463 2693 ad
1516 2629 1766 2710 antiqua
1821 2627 2106 2694 referrent
2157 2643 2310 2694 tem*

394 2776 815 2838 pom,verum
852 2773 1103 2844 propter
1121 2759 1405 2828 historiae
1426 2809 1447 2839 ‚
1470 2761 1912 2845 antiquitatum
1945 2779 2018 2828 ac
2051 2777 2312 2828 caetera⁴

398 2902 534 2949 rum
554 2902 751 2967 ,quae
780 2886 1025 2968 inJuris
1061 2887 1331 2954 Romani
1360 2889 1616 2954 doctore
1651 2889 2088 2970 requiruntur,
2120 2888 2309 2952 disci·

400 3013 703 3095 plinarum
724 3013 1118 3094 ignorantiam
1140 3063 1167 3096 ‚
1202 3015 1403 3098 Leges
1434 3015 1745 3082 Romanas
1761 3033 1889 3081 non
1919 3012 2052 3080 suis
2070 3012 2314 3078 institu-

398 3143 485 3206 tis
522 3141 869 3223 applicare,
907 3143 1017 3208 sed
1051 3141 1201 3208 haee
1232 3145 1395 3208 inter
1420 3161 1493 3206 se
1533 3139 1908 3208 confundere
1935 3151 2310 3222 coeperunt,

394 3271 479 3336 ita
554 3283 625 3334 ut
690 3285 821 3334 non
902 3283 1136 3338 tantum
1186 3271 1265 3336 de
1318 3268 1740 3337 contractibus
1788 3271 1888 3336 vel
1934 3265 2310 3335 testamentis

405 3397 755 3464 doctrinam
805 3415 879 3463 ex
910 3397 1019 3464 ino
1054 3395 1232 3464 fonte
1284 3398 1595 3464 haurirent
1613 3444 1638 3479 ,
1675 3399 1790 3493 sed
1836 3399 2132 3484 Paparum
2164 3411 2310 3464 aue·

406 3527 714 3596 toritatem
735 3571 760 3608 ,
794 3525 1235 3609 Imperatorum
1262 3525 1399 3612 jura
1438 3547 1512 3594 ac
1548 3531 1911 3598 vasallorum
1947 3529 2304 3614 privilegia,
2375 3495 2382 3504 ⁷

394 3671 497 3720 ex⁴
520 3652 813 3722 Hadriani
844 3654 1159 3738 rescriptis
1202 3669 1308 3722 aut
1344 3654 1660 3740 Papiniani
1717 3659 1818 3725 vel
1843 3655 2172 3726 Scaevolae
2211 3675 2308 3724 re-

392 3783 645 3868 spons-is
702 3783 1050 3854 definirent.
1171 3783 1312 3854 Fert
1372 3786 1534 3854 enim
1604 3788 1918 3856 rudiorum
1979 3787 2300 3855 hominum

392 3914 777 3982 consuetudo
798 3961 824 4000 ,
892 3930 958 3980 ut
982 3960 1007 3997 ,
1065 3917 1119 3982 si
1189 3933 1338 3982 suas·
1390 3916 1633 3985 videant
1679 3919 1947 3988 rationes
2003 3913 2306 3990 deflectu

1321 4043 1383 4111 V
1411 4067 1466 4110 -ι
2129 4053 2300 4104 auam
