3000 4917
707 589 907 658 minos
954 586 1035 654 ab
1086 603 1471 669 unoquoque
1537 587 1742 671 possit
1801 585 2044 670 oceidi;
2124 587 2294 670 quod
2341 586 2399 653 si
2449 603 2598 654 vero

702 729 1085 785 accusatores
1133 731 1275 782 eum
1308 715 1512 782 edoni
1541 729 1728 798 sunt,
1769 731 1974 800 neque
2012 730 2152 780 eum
2193 713 2436 782 vincere
2479 733 2597 798 po-

704 840 966 924 tuerint,
1016 841 1289 912 omnium
1322 842 1612 910 auxilium
1651 843 1792 928 jure
1822 857 2024 928 petere
2071 842 2237 908 iicet.
2323 841 2396 910 Si
2448 859 2597 912 vero

703 971 843 1054 quis
892 968 1198 1040 faidosus:
1252 969 1591 1054 susceperit
1609 1015 1638 1054 ,
1692 971 2062 1053 mulctatum
2125 969 2238 1053 qui
2285 987 2433 1038 vero
2478 969 2596 1038 bu-

696 1097 805 1186 Jus
830 1097 1243 1168 defensionem
1273 1097 1612 1182 susceperit
1631 1141 1660 1180 ‚
1687 1098 1874 1165 sortis
1903 1095 1975 1165 fit
2005 1097 2338 1182 particeps.
2399 1097 2592 1186 Quod

702 1225 981 1312 quamvis
1026 1225 1132 1293 diu
1184 1209 1335 1312 post
1386 1243 1724 1294 canonum
1773 1243 2080 1292 uacuum
2135 1225 2436 1310 scriptum
2463 1223 2597 1292 fue-

702 1358 785 1423 rit
832 1353 1187 1424 vetustioris
1228 1353 1488 1440 originis
1563 1353 1729 1422 veris
1784 1354 2116 1436 specimina
2159 1351 2388 1436 refert3
2447 1369 2592 1418 nem

702 1485 885 1570 plene
950 1483 1243 1551 convenit
1307 1500 1451 1548 cum
1537 1483 1616 1548 iis
1633 1526 1659 1563 ,
1721 1496 1881 1566 quse
1928 1494 2058 1546 tum
2122 1498 2160 1547 e
2223 1479 2590 1549 Germsnieo

698 1611 837 1696 jure
856 1654 882 1691 ,
918 1621 1045 1676 tum
1077 1628 1114 1675 e
1148 1607 1339 1676 salice
1370 1606 1580 1694 Lege,
1613 1623 1746 1676 tum
1779 1625 1817 1674 e
1849 1605 2240 1692 Cepitulsriis
2270 1609 2588 1691 hucusque

703 1736 987 1818 exposui.
1072 1735 1329 1804 Saeculo
1364 1735 1553 1820 igitur
1590 1734 1760 1804 vm.
1803 1736 1932 1820 pari
1979 1736 2180 1804 adhuc
2216 1753 2406 1821 passu
2438 1735 2588 1802 haee

702 1863 978 1932 instituta
1016 1863 1357 1931 ambulasse
1393 1877 1630 1932 certum
1675 1879 1768 1932 est
1788 1908 1815 1947 ‚
1859 1881 2056 1947 neque
2097 1864 2216 1930 sub
2245 1880 2593 1932 nunovtco

568 1997 574 2006 ’
704 2009 815 2060 mo
850 1989 975 2058 hoc
1008 2003 1305 2058 mutatum
1356 1989 1618 2058 arbitror
1629 2009 1655 2073 3
1706 2004 1770 2057 at
1821 1989 1936 2057 sub
1987 1987 2130 2057 filiis
2161 1990 2456 2058 distracto
2481 1990 2594 2059 im·

702 2119 873 2202 perio
948 2135 989 2182 a
1058 2116 1501 2184 Germanorum
1547 2119 1686 2200 jure
1739 2115 2110 2185 forbannum
2169 2115 2234 2185 in
2285 2116 2592 2186 Francicis

708 2244 1061 2330 regionibus
1130 2243 1399 2312 aberrare
1462 2245 1695 2330 coepit.
1779 2244 1948 2314 Haec
1999 2259 2194 2313 sutem
2251 2242 2376 2314 feta
2426 2263 2590 2314 nunc

672 2372 1119 2456 persequenda
1182 2385 1377 2440 eruut.

866 2626 971 2692 De
1030 2630 1115 2692 iis
1156 2648 1319 2714 quae
1360 2629 1681 2714 pertinent
1729 2627 1823 2695 ad
1861 2627 2139 2696 Mortem
2180 2629 2448 2696 Civilem·

944 2756 1015 2818 in
1063 2752 1288 2820 Gallia
1335 2774 1381 2820 a
1444 2771 1795 2822 Lunovtco
1859 2775 1970 2824 1³10
2024 2775 2216 2844 usque
2264 2757 2358 2824 ad

1028 2899 1365 2948 nunonem
1464 2899 1822 2952 cararum·
1913 2887 2261 2972 843—987.

786 3137 1053 3206 Canon
1115 3155 1341 3206 msam
1402 3157 1550 3208 curs
1619 3141 1787 3226 leges
1805 3185 1834 3224 ‚
1903 3158 2061 3224 quae
2127 3156 2267 3206 ante
2333 3157 2472 3206 eum
2524 3140 2596 3206 in

704 3264 938 3334 ditione
956 3265 1316 3353 viguerant,
1350 3267 1641 3336 collectae
1666 3266 1936 3336 fuerunt.
1991 3267 2154 3335 Hinc
2193 3268 2589 3351 quodammo-

702 3392 787 3460 do
824 3392 1009 3462 nobis
1050 3407 1278 3462 certum
1320 3408 1417 3462 est
1440 3393 1740 3482 judicium
1775 3395 1852 3462 de
1881 3395 1998 3478 iis,
2049 3412 2205 3478 quae
2243 3395 2302 3461 si
2345 3392 2585 3478 saepius

704 3521 979 3603 neglecte
1022 3518 1309 3604 fuerunt,
1340 3535 1607 3592 attamen
1659 3541 1804 3592 cum
1849 3523 1924 3590 de
1961 3526 2097 3608 jure
2141 3521 2400 3590 dicendo
2454 3539 2591 3606 age·

700 3656 869 3709 retur
882 3687 909 3726 ‚
978 3664 1211 3732 poenas
1279 3667 1351 3716 sc
1426 3653 1686 3719 mulctas
1755 3649 2126 3718 indicebant.
2209 3647 2438 3716 Verum
2495 3666 2592 3714 se-

710 3769 955 3850 quentia
1008 3775 1289 3855 saecule,
1352 3793 1495 3842 cum
1555 3776 1633 3843 ab
1683 3795 1803 3843 una
1850 3791 2022 3860 parte
2080 3794 2284 3860 parem
2345 3796 2415 3844 ac
2466 3773 2586 3841 sub

676 3885 1131 3982 'Merovingica
1175 3900 1365 3984 stirpe
1432 3885 1858 3972 confusion-em
1913 3923 1984 3975 ac
2031 3903 2375 3974 marchiam
2427 3899 2594 3973 exhi·

2261 4020 2265 4024 ’
2369 4027 2544 4096 beant
2563 4069 2593 4110 ,
