<?xml version="1.0" encoding="UTF-8"?>
<!DOCTYPE html PUBLIC "-//W3C//DTD XHTML 1.0 Transitional//EN"
    "http://www.w3.org/TR/xhtml1/DTD/xhtml1-transitional.dtd">
<html xmlns="http://www.w3.org/1999/xhtml" xml:lang="en" lang="en">
 <head>
  <title>
</title>
<meta http-equiv="Content-Type" content="text/html;charset=utf-8" />
  <meta name='ocr-system' content='tesseract 3.04.00' />
  <meta name='ocr-capabilities' content='ocr_page ocr_carea ocr_par ocr_line ocrx_word'/>
</head>
<body>
  <div class='ocr_page' id='page_1' title='image "./demortecivili00unkngoog_0215.png"; bbox 0 0 3000 4917; ppageno 0'>
   <div class='ocr_carea' id='block_1_1' title="bbox 1128 403 2322 485">
    <p class='ocr_par' dir='ltr' id='par_1_1' title="bbox 1128 403 2322 485">
     <span class='ocr_line' id='line_1_1' title="bbox 1128 403 2322 485; baseline 0.001 -51"><span class='ocrx_word' id='word_1_1' title='bbox 1128 411 1145 434; x_wconf 73' lang='lat' dir='ltr'><em>t</em></span> <span class='ocrx_word' id='word_1_2' title='bbox 1234 403 1479 436; x_wconf 47' lang='grc' dir='ltr'>ῃ</span> <span class='ocrx_word' id='word_1_3' title='bbox 2091 428 2100 440; x_wconf 89' lang='grc'><strong>.</strong></span> <span class='ocrx_word' id='word_1_4' title='bbox 2197 415 2322 485; x_wconf 76' lang='lat'><strong>19⁹</strong></span> 
     </span>
    </p>
   </div>
   <div class='ocr_carea' id='block_1_2' title="bbox 334 586 2312 1692">
    <p class='ocr_par' dir='ltr' id='par_1_2' title="bbox 334 586 2312 1692">
     <span class='ocr_line' id='line_1_2' title="bbox 409 586 2308 672; baseline 0.001 -18"><span class='ocrx_word' id='word_1_5' title='bbox 409 607 567 670; x_wconf 85' lang='lat' dir='ltr'><strong>quos</strong></span> <span class='ocrx_word' id='word_1_6' title='bbox 618 587 753 654; x_wconf 79' lang='lat' dir='ltr'><strong>Rex</strong></span> <span class='ocrx_word' id='word_1_7' title='bbox 798 587 1089 654; x_wconf 87' lang='lat' dir='ltr'><strong>universo</strong></span> <span class='ocrx_word' id='word_1_8' title='bbox 1132 587 1369 669; x_wconf 85' lang='lat' dir='ltr'><strong>populo</strong></span> <span class='ocrx_word' id='word_1_9' title='bbox 1416 587 1615 670; x_wconf 74' lang='lat' dir='ltr'><strong>lagam</strong></span> <span class='ocrx_word' id='word_1_10' title='bbox 1669 586 2068 656; x_wconf 79' lang='lat' dir='ltr'><strong>constituerat</strong></span> <span class='ocrx_word' id='word_1_11' title='bbox 2085 631 2110 666; x_wconf 85' lang='lat'><strong>‚</strong></span> <span class='ocrx_word' id='word_1_12' title='bbox 2183 608 2308 672; x_wconf 80' lang='lat' dir='ltr'><strong>qua</strong></span> 
     </span>
     <span class='ocr_line' id='line_1_3' title="bbox 406 713 2312 799; baseline -0.001 -16"><span class='ocrx_word' id='word_1_13' title='bbox 406 715 893 799; x_wconf 81' lang='lat' dir='ltr'><strong>uniuscujusque</strong></span> <span class='ocrx_word' id='word_1_14' title='bbox 968 713 1245 798; x_wconf 78' lang='lat' dir='ltr'><strong>injuriam</strong></span> <span class='ocrx_word' id='word_1_15' title='bbox 1268 758 1293 794; x_wconf 91' lang='lat'>‚</span> <span class='ocrx_word' id='word_1_16' title='bbox 1369 713 1600 778; x_wconf 50' lang='lat' dir='ltr'><strong>&gt;vulnus</strong></span> <span class='ocrx_word' id='word_1_17' title='bbox 1663 731 1734 778; x_wconf 83' lang='lat' dir='ltr'><strong>ac</strong></span> <span class='ocrx_word' id='word_1_18' title='bbox 1807 728 2021 778; x_wconf 85' lang='lat' dir='ltr'>necem</span> <span class='ocrx_word' id='word_1_19' title='bbox 2107 713 2312 782; x_wconf 83' lang='lat' dir='ltr'><strong>vindi·</strong></span> 
     </span>
     <span class='ocr_line' id='line_1_4' title="bbox 406 840 2312 928; baseline -0.001 -16"><span class='ocrx_word' id='word_1_20' title='bbox 406 863 541 912; x_wconf 85' lang='lat' dir='ltr'><strong>care</strong></span> <span class='ocrx_word' id='word_1_21' title='bbox 614 844 929 928; x_wconf 86' lang='lat' dir='ltr'><strong>pollicitus</strong></span> <span class='ocrx_word' id='word_1_22' title='bbox 1032 841 1389 909; x_wconf 84' lang='lat' dir='ltr'>censebatur</span> <span class='ocrx_word' id='word_1_23' title='bbox 1412 885 1437 920; x_wconf 89' lang='lat'><strong>,</strong></span> <span class='ocrx_word' id='word_1_24' title='bbox 1543 840 1688 906; x_wconf 85' lang='lat' dir='ltr'><strong>dum</strong></span> <span class='ocrx_word' id='word_1_25' title='bbox 1763 841 1988 906; x_wconf 89' lang='lat' dir='ltr'><strong>nullam</strong></span> <span class='ocrx_word' id='word_1_26' title='bbox 2046 841 2312 910; x_wconf 79' lang='lat' dir='ltr'><strong>habebat-</strong></span> 
     </span>
     <span class='ocr_line' id='line_1_5' title="bbox 417 964 2300 1061; baseline 0 -23"><span class='ocrx_word' id='word_1_27' title='bbox 417 973 713 1040; x_wconf 84' lang='lat' dir='ltr'><strong>rationem</strong></span> <span class='ocrx_word' id='word_1_28' title='bbox 738 989 951 1040; x_wconf 88' lang='lat' dir='ltr'><strong>eorum</strong></span> <span class='ocrx_word' id='word_1_29' title='bbox 972 1014 998 1052; x_wconf 91' lang='lat'><strong>,</strong></span> <span class='ocrx_word' id='word_1_30' title='bbox 1043 970 1153 1052; x_wconf 88' lang='lat' dir='ltr'><strong>qui</strong></span> <span class='ocrx_word' id='word_1_31' title='bbox 1189 970 1311 1034; x_wconf 91' lang='lat' dir='ltr'><strong>hoc</strong></span> <span class='ocrx_word' id='word_1_32' title='bbox 1354 979 1536 1050; x_wconf 86' lang='lat' dir='ltr'><strong>pacto</strong></span> <span class='ocrx_word' id='word_1_33' title='bbox 1582 964 2073 1061; x_wconf 61' lang='lat' dir='ltr'><strong>continebantur.</strong></span> <span class='ocrx_word' id='word_1_34' title='bbox 2156 967 2300 1038; x_wconf 85' lang='lat' dir='ltr'><strong>Hoc</strong></span> 
     </span>
     <span class='ocr_line' id='line_1_6' title="bbox 406 1068 2304 1184; baseline -0.001 -19"><span class='ocrx_word' id='word_1_35' title='bbox 406 1101 591 1184; x_wconf 84' lang='lat' dir='ltr'><strong>igitur</strong></span> <span class='ocrx_word' id='word_1_36' title='bbox 634 1113 905 1168; x_wconf 83' lang='lat' dir='ltr'><strong>tutamen</strong></span> <span class='ocrx_word' id='word_1_37' title='bbox 928 1145 949 1178; x_wconf 93' lang='lat'>,</span> <span class='ocrx_word' id='word_1_38' title='bbox 986 1097 1352 1181; x_wconf 86' lang='lat' dir='ltr'><strong>praesidium</strong></span> <span class='ocrx_word' id='word_1_39' title='bbox 1371 1129 1399 1176; x_wconf 88' lang='lat'><strong>,-</strong></span> <span class='ocrx_word' id='word_1_40' title='bbox 1458 1094 1630 1178; x_wconf 88' lang='lat' dir='ltr'><strong>quod</strong></span> <span class='ocrx_word' id='word_1_41' title='bbox 1691 1095 1746 1161; x_wconf 87' lang='lat' dir='ltr'><strong>si</strong></span> <span class='ocrx_word' id='word_1_42' title='bbox 1808 1068 2118 1158; x_wconf 84' lang='lat' dir='ltr'><strong>tolleretur</strong></span> <span class='ocrx_word' id='word_1_43' title='bbox 2179 1111 2304 1163; x_wconf 87' lang='lat' dir='ltr'><strong>erat</strong></span> 
     </span>
     <span class='ocr_line' id='line_1_7' title="bbox 334 1223 2312 1312; baseline -0.002 -19"><span class='ocrx_word' id='word_1_44' title='bbox 334 1266 351 1281; x_wconf 49' lang='lat' dir='ltr'>x</span> <span class='ocrx_word' id='word_1_45' title='bbox 409 1232 713 1312; x_wconf 83' lang='lat' dir='ltr'>utlagatus</span> <span class='ocrx_word' id='word_1_46' title='bbox 735 1273 761 1308; x_wconf 89' lang='lat'><strong>,</strong></span> <span class='ocrx_word' id='word_1_47' title='bbox 822 1241 989 1294; x_wconf 82' lang='lat' dir='ltr'><strong>extra</strong></span> <span class='ocrx_word' id='word_1_48' title='bbox 1024 1230 1216 1310; x_wconf 85' lang='lat' dir='ltr'><strong>lagam</strong></span> <span class='ocrx_word' id='word_1_49' title='bbox 1240 1272 1265 1307; x_wconf 88' lang='lat'><strong>,</strong></span> <span class='ocrx_word' id='word_1_50' title='bbox 1325 1228 1459 1292; x_wconf 87' lang='lat' dir='ltr'><strong>sine</strong></span> <span class='ocrx_word' id='word_1_51' title='bbox 1512 1224 1813 1307; x_wconf 88' lang='lat' dir='ltr'><strong>praesidio</strong></span> <span class='ocrx_word' id='word_1_52' title='bbox 1831 1268 1857 1304; x_wconf 90' lang='lat'><strong>,</strong></span> <span class='ocrx_word' id='word_1_53' title='bbox 1915 1223 2166 1305; x_wconf 85' lang='lat' dir='ltr'><strong>impune</strong></span> <span class='ocrx_word' id='word_1_54' title='bbox 2213 1224 2312 1292; x_wconf 76' lang='lat' dir='ltr'><strong>of·</strong></span> 
     </span>
     <span class='ocr_line' id='line_1_8' title="bbox 410 1351 2312 1437; baseline -0.001 -16"><span class='ocrx_word' id='word_1_55' title='bbox 410 1353 803 1421; x_wconf 82' lang='lat' dir='ltr'><strong>fendebatur.·</strong></span> <span class='ocrx_word' id='word_1_56' title='bbox 898 1357 1063 1424; x_wconf 86' lang='lat' dir='ltr'><strong>Hinc</strong></span> <span class='ocrx_word' id='word_1_57' title='bbox 1131 1367 1367 1437; x_wconf 82' lang='lat' dir='ltr'><strong>sponte</strong></span> <span class='ocrx_word' id='word_1_58' title='bbox 1426 1354 1704 1434; x_wconf 83' lang='lat' dir='ltr'><strong>sequitur</strong></span> <span class='ocrx_word' id='word_1_59' title='bbox 1739 1398 1762 1433; x_wconf 90' lang='lat'><strong>‚</strong></span> <span class='ocrx_word' id='word_1_60' title='bbox 1839 1351 2010 1434; x_wconf 88' lang='lat' dir='ltr'><strong>quod</strong></span> <span class='ocrx_word' id='word_1_61' title='bbox 2060 1367 2312 1434; x_wconf 84' lang='lat' dir='ltr'><strong>propter</strong></span> 
     </span>
     <span class='ocr_line' id='line_1_9' title="bbox 408 1481 2308 1566; baseline -0.001 -16"><span class='ocrx_word' id='word_1_62' title='bbox 408 1483 663 1550; x_wconf 75' lang='lat' dir='ltr'><strong>fractam</strong></span> <span class='ocrx_word' id='word_1_63' title='bbox 688 1483 911 1566; x_wconf 82' lang='lat' dir='ltr'><strong>‘Regis</strong></span> <span class='ocrx_word' id='word_1_64' title='bbox 949 1485 1049 1548; x_wconf 88' lang='lat' dir='ltr'><strong>vel</strong></span> <span class='ocrx_word' id='word_1_65' title='bbox 1095 1482 1408 1548; x_wconf 83' lang='lat' dir='ltr'><strong>Ecclesiae</strong></span> <span class='ocrx_word' id='word_1_66' title='bbox 1444 1499 1656 1562; x_wconf 87' lang='lat' dir='ltr'><strong>pacem</strong></span> <span class='ocrx_word' id='word_1_67' title='bbox 1693 1481 1950 1563; x_wconf 85' lang='lat' dir='ltr'><strong>utlagari</strong></span> <span class='ocrx_word' id='word_1_68' title='bbox 1986 1483 2129 1563; x_wconf 87' lang='lat' dir='ltr'><strong>quis</strong></span> <span class='ocrx_word' id='word_1_69' title='bbox 2162 1500 2308 1564; x_wconf 86' lang='lat' dir='ltr'><strong>pos·</strong></span> 
     </span>
     <span class='ocr_line' id='line_1_10' title="bbox 410 1611 2308 1692; baseline 0.001 -16"><span class='ocrx_word' id='word_1_70' title='bbox 410 1611 493 1676; x_wconf 83' lang='lat' dir='ltr'><strong>sit</strong></span> <span class='ocrx_word' id='word_1_71' title='bbox 514 1655 539 1690; x_wconf 88' lang='lat'><strong>,</strong></span> <span class='ocrx_word' id='word_1_72' title='bbox 574 1629 729 1692; x_wconf 86' lang='lat' dir='ltr'><strong>quae</strong></span> <span class='ocrx_word' id='word_1_73' title='bbox 776 1623 975 1677; x_wconf 88' lang='lat' dir='ltr'><strong>tamen</strong></span> <span class='ocrx_word' id='word_1_74' title='bbox 1026 1628 1155 1676; x_wconf 91' lang='lat' dir='ltr'><strong>non</strong></span> <span class='ocrx_word' id='word_1_75' title='bbox 1200 1623 1439 1676; x_wconf 89' lang='lat' dir='ltr'><strong>tantum</strong></span> <span class='ocrx_word' id='word_1_76' title='bbox 1489 1612 1698 1676; x_wconf 86' lang='lat' dir='ltr'><strong>caedes</strong></span> <span class='ocrx_word' id='word_1_77' title='bbox 1748 1628 1819 1676; x_wconf 87' lang='lat' dir='ltr'><strong>ac</strong></span> <span class='ocrx_word' id='word_1_78' title='bbox 1859 1611 2106 1677; x_wconf 81' lang='lat' dir='ltr'><strong>vulnera</strong></span> <span class='ocrx_word' id='word_1_79' title='bbox 2125 1656 2149 1690; x_wconf 88' lang='lat'>‚</span> <span class='ocrx_word' id='word_1_80' title='bbox 2194 1611 2308 1677; x_wconf 84' lang='lat' dir='ltr'><strong>sed</strong></span> 
     </span>
    </p>
   </div>
   <div class='ocr_carea' id='block_1_3' title="bbox 315 1735 2310 1822">
    <p class='ocr_par' dir='ltr' id='par_1_3' title="bbox 315 1735 2310 1822">
     <span class='ocr_line' id='line_1_11' title="bbox 315 1735 2310 1822; baseline 0.002 -22"><span class='ocrx_word' id='word_1_81' title='bbox 315 1799 323 1812; x_wconf 73' lang='grc'><strong>,</strong></span> <span class='ocrx_word' id='word_1_82' title='bbox 410 1750 475 1814; x_wconf 71' lang='lat' dir='ltr'><strong>et</strong></span> <span class='ocrx_word' id='word_1_83' title='bbox 501 1735 735 1804; x_wconf 87' lang='lat' dir='ltr'><strong>furtum</strong></span> <span class='ocrx_word' id='word_1_84' title='bbox 772 1740 1307 1820; x_wconf 80' lang='lat' dir='ltr'><strong>complectuntur3</strong></span> <span class='ocrx_word' id='word_1_85' title='bbox 1353 1739 1470 1804; x_wconf 88' lang='lat' dir='ltr'><strong>hoc</strong></span> <span class='ocrx_word' id='word_1_86' title='bbox 1509 1740 1667 1804; x_wconf 88' lang='lat' dir='ltr'><strong>enim</strong></span> <span class='ocrx_word' id='word_1_87' title='bbox 1699 1740 1822 1822; x_wconf 81' lang='lat' dir='ltr'><strong>jam</strong></span> <span class='ocrx_word' id='word_1_88' title='bbox 1871 1757 1904 1803; x_wconf 87' lang='lat' dir='ltr'><strong>a</strong></span> <span class='ocrx_word' id='word_1_89' title='bbox 1943 1755 2258 1804; x_wconf 72' lang='lat' dir='ltr'>ROLLONB</span> <span class='ocrx_word' id='word_1_90' title='bbox 2282 1783 2310 1820; x_wconf 85' lang='lat'><strong>,</strong></span> 
     </span>
    </p>
   </div>
   <div class='ocr_carea' id='block_1_4' title="bbox 304 1863 2334 3611">
    <p class='ocr_par' dir='ltr' id='par_1_4' title="bbox 304 1863 2329 2721">
     <span class='ocr_line' id='line_1_12' title="bbox 408 1863 2320 1948; baseline 0.001 -18"><span class='ocrx_word' id='word_1_91' title='bbox 408 1864 611 1946; x_wconf 75' lang='lat' dir='ltr'><strong>ptimo</strong></span> <span class='ocrx_word' id='word_1_92' title='bbox 668 1863 1077 1935; x_wconf 84' lang='lat' dir='ltr'><strong>Normandiae</strong></span> <span class='ocrx_word' id='word_1_93' title='bbox 1125 1869 1323 1946; x_wconf 86' lang='lat' dir='ltr'><strong>duce,</strong></span> <span class='ocrx_word' id='word_1_94' title='bbox 1380 1880 1710 1948; x_wconf 86' lang='lat' dir='ltr'><strong>postquam</strong></span> <span class='ocrx_word' id='word_1_95' title='bbox 1761 1883 2012 1932; x_wconf 67' lang='lat' dir='ltr'><strong>cauom</strong></span> <span class='ocrx_word' id='word_1_96' title='bbox 2061 1865 2177 1935; x_wconf 89' lang='lat' dir='ltr'><strong>IV.</strong></span> <span class='ocrx_word' id='word_1_97' title='bbox 2220 1867 2320 1932; x_wconf 80' lang='lat' dir='ltr'><strong>in·</strong></span> 
     </span>
     <span class='ocr_line' id='line_1_13' title="bbox 415 1992 2322 2076; baseline 0.002 -18"><span class='ocrx_word' id='word_1_98' title='bbox 415 1992 697 2060; x_wconf 85' lang='lat' dir='ltr'><strong>firmitate</strong></span> <span class='ocrx_word' id='word_1_99' title='bbox 753 1993 985 2060; x_wconf 86' lang='lat' dir='ltr'><strong>firmam</strong></span> <span class='ocrx_word' id='word_1_100' title='bbox 1044 1995 1111 2060; x_wconf 90' lang='lat' dir='ltr'><strong>in</strong></span> <span class='ocrx_word' id='word_1_101' title='bbox 1166 1993 1366 2059; x_wconf 89' lang='lat' dir='ltr'><strong>Gallia</strong></span> <span class='ocrx_word' id='word_1_102' title='bbox 1426 1996 1640 2060; x_wconf 85' lang='lat' dir='ltr'><strong>sedem</strong></span> <span class='ocrx_word' id='word_1_103' title='bbox 1700 1995 2172 2076; x_wconf 85' lang='lat' dir='ltr'><strong>adquisivisset‚</strong></span> <span class='ocrx_word' id='word_1_104' title='bbox 2234 1997 2322 2062; x_wconf 79' lang='lat' dir='ltr'><strong>ita</strong></span> 
     </span>
     <span class='ocr_line' id='line_1_14' title="bbox 412 2120 2324 2207; baseline 0.003 -23"><span class='ocrx_word' id='word_1_105' title='bbox 412 2120 816 2200; x_wconf 76' lang='lat' dir='ltr'><strong>constitutum</strong></span> <span class='ocrx_word' id='word_1_106' title='bbox 854 2121 989 2202; x_wconf 76' lang='lat'><strong>(36</strong></span> <span class='ocrx_word' id='word_1_107' title='bbox 1011 2120 1087 2199; x_wconf 65' lang='grc'><strong>).,</strong></span> <span class='ocrx_word' id='word_1_108' title='bbox 1120 2120 1379 2186; x_wconf 85' lang='lat' dir='ltr'><strong>Nullum</strong></span> <span class='ocrx_word' id='word_1_109' title='bbox 1446 2135 1650 2186; x_wconf 85' lang='lat' dir='ltr'><strong>tamen</strong></span> <span class='ocrx_word' id='word_1_110' title='bbox 1704 2140 1779 2187; x_wconf 91' lang='lat' dir='ltr'><strong>eo</strong></span> <span class='ocrx_word' id='word_1_111' title='bbox 1829 2138 2102 2207; x_wconf 85' lang='lat' dir='ltr'><strong>tempore</strong></span> <span class='ocrx_word' id='word_1_112' title='bbox 2152 2143 2324 2207; x_wconf 85' lang='lat' dir='ltr'><strong>prae-</strong></span> 
     </span>
     <span class='ocr_line' id='line_1_15' title="bbox 412 2247 2320 2334; baseline 0.002 -16"><span class='ocrx_word' id='word_1_113' title='bbox 412 2266 527 2326; x_wconf 67' lang='lat' dir='ltr'><strong>tel·¹</strong></span> <span class='ocrx_word' id='word_1_114' title='bbox 574 2263 961 2316; x_wconf 87' lang='lat' dir='ltr'><strong>contumaces</strong></span> <span class='ocrx_word' id='word_1_115' title='bbox 982 2292 1009 2326; x_wconf 85' lang='lat'><strong>,</strong></span> <span class='ocrx_word' id='word_1_116' title='bbox 1106 2252 1375 2330; x_wconf 81' lang='lat' dir='ltr'><strong>exlegem</strong></span> <span class='ocrx_word' id='word_1_117' title='bbox 1434 2247 1674 2317; x_wconf 85' lang='lat' dir='ltr'><strong>factum</strong></span> <span class='ocrx_word' id='word_1_118' title='bbox 1693 2296 1720 2330; x_wconf 85' lang='lat'><strong>,</strong></span> <span class='ocrx_word' id='word_1_119' title='bbox 1801 2253 2109 2334; x_wconf 80' lang='lat' dir='ltr'><strong>invenio,</strong></span> <span class='ocrx_word' id='word_1_120' title='bbox 2175 2273 2320 2322; x_wconf 85' lang='lat' dir='ltr'><strong>nam</strong></span> 
     </span>
     <span class='ocr_line' id='line_1_16' title="bbox 415 2373 2322 2465; baseline 0.004 -23"><span class='ocrx_word' id='word_1_121' title='bbox 415 2394 629 2461; x_wconf 85' lang='lat' dir='ltr'><strong>parum</strong></span> <span class='ocrx_word' id='word_1_122' title='bbox 703 2375 822 2441; x_wconf 89' lang='lat' dir='ltr'><strong>hoc</strong></span> <span class='ocrx_word' id='word_1_123' title='bbox 894 2373 1317 2457; x_wconf 85' lang='lat' dir='ltr'><strong>praesentibus</strong></span> <span class='ocrx_word' id='word_1_124' title='bbox 1377 2376 1495 2442; x_wconf 87' lang='lat' dir='ltr'><strong>reis</strong></span> <span class='ocrx_word' id='word_1_125' title='bbox 1553 2380 2078 2448; x_wconf 85' lang='lat' dir='ltr'><strong>accommodatum</strong></span> <span class='ocrx_word' id='word_1_126' title='bbox 2107 2427 2134 2463; x_wconf 90' lang='lat'><strong>,</strong></span> <span class='ocrx_word' id='word_1_127' title='bbox 2211 2385 2322 2465; x_wconf 85' lang='lat' dir='ltr'><strong>qui</strong></span> 
     </span>
     <span class='ocr_line' id='line_1_17' title="bbox 414 2509 2329 2596; baseline 0.001 -18"><span class='ocrx_word' id='word_1_128' title='bbox 414 2526 523 2578; x_wconf 81' lang='lat' dir='ltr'><strong>aut</strong></span> <span class='ocrx_word' id='word_1_129' title='bbox 604 2509 893 2576; x_wconf 81' lang='lat' dir='ltr'><strong>mulctam</strong></span> <span class='ocrx_word' id='word_1_130' title='bbox 956 2511 1239 2576; x_wconf 75' lang='lat' dir='ltr'><strong>solvunt</strong></span> <span class='ocrx_word' id='word_1_131' title='bbox 1325 2524 1431 2575; x_wconf 88' lang='lat' dir='ltr'><strong>aut</strong></span> <span class='ocrx_word' id='word_1_132' title='bbox 1521 2514 1827 2596; x_wconf 85' lang='lat' dir='ltr'><strong>corporali</strong></span> <span class='ocrx_word' id='word_1_133' title='bbox 1919 2529 2120 2596; x_wconf 85' lang='lat' dir='ltr'><strong>poena</strong></span> <span class='ocrx_word' id='word_1_134' title='bbox 2205 2513 2329 2579; x_wconf 82' lang='lat' dir='ltr'><strong>affi-</strong></span> 
     </span>
     <span class='ocr_line' id='line_1_18' title="bbox 304 2609 1433 2721; baseline -0.002 -17"><span class='ocrx_word' id='word_1_135' title='bbox 304 2617 315 2624; x_wconf 57' lang='grc'><strong>’</strong></span> <span class='ocrx_word' id='word_1_136' title='bbox 414 2637 697 2721; x_wconf 58' lang='lat' dir='ltr'><strong>ciuntun</strong></span> <span class='ocrx_word' id='word_1_137' title='bbox 1426 2609 1433 2616; x_wconf 39' lang='grc'><strong>’</strong></span> 
     </span>
    </p>

    <p class='ocr_par' dir='ltr' id='par_1_5' title="bbox 411 2738 2334 3611">
     <span class='ocr_line' id='line_1_19' title="bbox 501 2738 2318 2854; baseline 0.002 -26"><span class='ocrx_word' id='word_1_138' title='bbox 501 2738 883 2854; x_wconf 81' lang='lat' dir='ltr'><strong>Confiscatio</strong></span> <span class='ocrx_word' id='word_1_139' title='bbox 962 2781 1161 2844; x_wconf 87' lang='lat' dir='ltr'><strong>quae,</strong></span> <span class='ocrx_word' id='word_1_140' title='bbox 1248 2763 1315 2829; x_wconf 84' lang='lat' dir='ltr'><strong>iu</strong></span> <span class='ocrx_word' id='word_1_141' title='bbox 1390 2763 1786 2832; x_wconf 72' lang='lat' dir='ltr'><strong>Bai-batorum</strong></span> <span class='ocrx_word' id='word_1_142' title='bbox 1858 2764 2098 2848; x_wconf 76' lang='lat' dir='ltr'><strong>legibus</strong></span> <span class='ocrx_word' id='word_1_143' title='bbox 2163 2765 2318 2832; x_wconf 86' lang='lat' dir='ltr'><strong>satis</strong></span> 
     </span>
     <span class='ocr_line' id='line_1_20' title="bbox 420 2887 2325 2972; baseline 0.003 -18"><span class='ocrx_word' id='word_1_144' title='bbox 420 2887 780 2968; x_wconf 73' lang='lat' dir='ltr'><strong>frequens„</strong></span> <span class='ocrx_word' id='word_1_145' title='bbox 815 2891 1246 2970; x_wconf 83' lang='lat' dir='ltr'><strong>utlagationem</strong></span> <span class='ocrx_word' id='word_1_146' title='bbox 1286 2893 1700 2972; x_wconf 75' lang='lat' dir='ltr'><strong>sequebatur,</strong></span> <span class='ocrx_word' id='word_1_147' title='bbox 1735 2891 1820 2956; x_wconf 84' lang='lat' dir='ltr'><strong>ita</strong></span> <span class='ocrx_word' id='word_1_148' title='bbox 1874 2907 1946 2966; x_wconf 77' lang='lat' dir='ltr'><strong>ut</strong></span> <span class='ocrx_word' id='word_1_149' title='bbox 1999 2895 2162 2958; x_wconf 78' lang='lat' dir='ltr'><strong>bona</strong></span> <span class='ocrx_word' id='word_1_150' title='bbox 2209 2895 2325 2959; x_wconf 84' lang='lat' dir='ltr'><strong>im·</strong></span> 
     </span>
     <span class='ocr_line' id='line_1_21' title="bbox 411 3013 2321 3102; baseline 0.002 -20"><span class='ocrx_word' id='word_1_151' title='bbox 411 3013 711 3093; x_wconf 63' lang='lat' dir='ltr'><strong>mobilia,</strong></span> <span class='ocrx_word' id='word_1_152' title='bbox 790 3014 1041 3080; x_wconf 83' lang='lat' dir='ltr'><strong>mobilia</strong></span> <span class='ocrx_word' id='word_1_153' title='bbox 1106 3031 1169 3079; x_wconf 90' lang='lat' dir='ltr'><strong>et</strong></span> <span class='ocrx_word' id='word_1_154' title='bbox 1239 3020 1454 3084; x_wconf 88' lang='lat' dir='ltr'><strong>catalla</strong></span> <span class='ocrx_word' id='word_1_155' title='bbox 1510 3037 1622 3084; x_wconf 89' lang='lat' dir='ltr'><strong>seu</strong></span> <span class='ocrx_word' id='word_1_156' title='bbox 1717 3020 2119 3102; x_wconf 76' lang='lat' dir='ltr'><strong>obligationes</strong></span> <span class='ocrx_word' id='word_1_157' title='bbox 2195 3021 2321 3085; x_wconf 89' lang='lat' dir='ltr'><strong>Re-</strong></span> 
     </span>
     <span class='ocr_line' id='line_1_22' title="bbox 417 3138 2334 3237; baseline 0.002 -29"><span class='ocrx_word' id='word_1_158' title='bbox 417 3143 483 3227; x_wconf 82' lang='lat' dir='ltr'><strong>gi</strong></span> <span class='ocrx_word' id='word_1_159' title='bbox 536 3141 860 3220; x_wconf 81' lang='lat' dir='ltr'><strong>cederent3</strong></span> <span class='ocrx_word' id='word_1_160' title='bbox 938 3138 1125 3205; x_wconf 83' lang='lat' dir='ltr'><strong>feuda</strong></span> <span class='ocrx_word' id='word_1_161' title='bbox 1177 3155 1243 3206; x_wconf 90' lang='lat' dir='ltr'><strong>et</strong></span> <span class='ocrx_word' id='word_1_162' title='bbox 1290 3157 1628 3210; x_wconf 84' lang='lat' dir='ltr'><strong>tenementa</strong></span> <span class='ocrx_word' id='word_1_163' title='bbox 1645 3191 1670 3224; x_wconf 89' lang='lat'><strong>,</strong></span> <span class='ocrx_word' id='word_1_164' title='bbox 1725 3145 1843 3212; x_wconf 73' lang='lat' dir='ltr'><strong>nisi</strong></span> <span class='ocrx_word' id='word_1_165' title='bbox 1891 3147 2198 3237; x_wconf 75' lang='lat' dir='ltr'><strong>utlagatus</strong></span> <span class='ocrx_word' id='word_1_166' title='bbox 2235 3143 2334 3212; x_wconf 68' lang='lat' dir='ltr'><strong>ab·</strong></span> 
     </span>
     <span class='ocr_line' id='line_1_23' title="bbox 414 3267 2320 3362; baseline -0.001 -28"><span class='ocrx_word' id='word_1_167' title='bbox 414 3269 557 3352; x_wconf 70' lang='lat' dir='ltr'><strong>ipso</strong></span> <span class='ocrx_word' id='word_1_168' title='bbox 622 3267 911 3350; x_wconf 81' lang='lat' dir='ltr'><strong>Principe-</strong></span> <span class='ocrx_word' id='word_1_169' title='bbox 964 3281 1196 3332; x_wconf 84' lang='lat' dir='ltr'><strong>teneret</strong></span> <span class='ocrx_word' id='word_1_170' title='bbox 1217 3311 1243 3346; x_wconf 89' lang='lat'><strong>,</strong></span> <span class='ocrx_word' id='word_1_171' title='bbox 1325 3269 1402 3333; x_wconf 86' lang='lat' dir='ltr'><strong>ad</strong></span> <span class='ocrx_word' id='word_1_172' title='bbox 1474 3268 1793 3362; x_wconf 77' lang='lat' dir='ltr'><strong>dominum</strong></span> <span class='ocrx_word' id='word_1_173' title='bbox 1871 3275 2320 3341; x_wconf 68' lang='lat' dir='ltr'><strong>revertebantur</strong></span> 
     </span>
     <span class='ocr_line' id='line_1_24' title="bbox 413 3367 2327 3485; baseline 0.005 -25"><span class='ocrx_word' id='word_1_174' title='bbox 413 3407 561 3478; x_wconf 86' lang='lat' dir='ltr'><strong>post</strong></span> <span class='ocrx_word' id='word_1_175' title='bbox 610 3413 835 3462; x_wconf 86' lang='lat' dir='ltr'><strong>annum</strong></span> <span class='ocrx_word' id='word_1_176' title='bbox 890 3408 951 3460; x_wconf 86' lang='lat' dir='ltr'><strong>et</strong></span> <span class='ocrx_word' id='word_1_177' title='bbox 1006 3393 1163 3461; x_wconf 89' lang='lat' dir='ltr'><strong>diem</strong></span> <span class='ocrx_word' id='word_1_178' title='bbox 1184 3440 1210 3475; x_wconf 89' lang='lat'><strong>,</strong></span> <span class='ocrx_word' id='word_1_179' title='bbox 1274 3413 1399 3478; x_wconf 82' lang='lat' dir='ltr'><strong>quo</strong></span> <span class='ocrx_word' id='word_1_180' title='bbox 1455 3410 1736 3485; x_wconf 33' lang='lat' dir='ltr'><strong>tempore,</strong></span> <span class='ocrx_word' id='word_1_181' title='bbox 1783 3367 2014 3481; x_wconf 83' lang='lat' dir='ltr'><strong>poenae</strong></span> <span class='ocrx_word' id='word_1_182' title='bbox 2064 3403 2327 3470; x_wconf 64' lang='lat' dir='ltr'><strong>nomine«</strong></span> 
     </span>
     <span class='ocr_line' id='line_1_25' title="bbox 416 3520 2330 3611; baseline 0.002 -20"><span class='ocrx_word' id='word_1_183' title='bbox 416 3520 641 3598; x_wconf 77' lang='lat' dir='ltr'><strong>domus</strong></span> <span class='ocrx_word' id='word_1_184' title='bbox 718 3521 988 3588; x_wconf 84' lang='lat' dir='ltr'><strong>subverti</strong></span> <span class='ocrx_word' id='word_1_185' title='bbox 1060 3541 1129 3587; x_wconf 84' lang='lat' dir='ltr'><strong>ac</strong></span> <span class='ocrx_word' id='word_1_186' title='bbox 1203 3523 1449 3589; x_wconf 86' lang='lat' dir='ltr'><strong>arbores</strong></span> <span class='ocrx_word' id='word_1_187' title='bbox 1515 3527 1694 3591; x_wconf 88' lang='lat' dir='ltr'><strong>evelli</strong></span> <span class='ocrx_word' id='word_1_188' title='bbox 1749 3541 2028 3609; x_wconf 86' lang='lat' dir='ltr'><strong>poterant</strong></span> <span class='ocrx_word' id='word_1_189' title='bbox 2095 3532 2230 3610; x_wconf 83' lang='lat'><strong>(37</strong></span> <span class='ocrx_word' id='word_1_190' title='bbox 2249 3529 2330 3611; x_wconf 77' lang='grc'><strong>&gt;.“</strong></span> 
     </span>
    </p>
   </div>
   <div class='ocr_carea' id='block_1_5' title="bbox 2147 3657 2322 3726">
    <p class='ocr_par' dir='ltr' id='par_1_6' title="bbox 2147 3657 2322 3726">
     <span class='ocr_line' id='line_1_26' title="bbox 2147 3657 2322 3726; baseline 0.011 -2"><span class='ocrx_word' id='word_1_191' title='bbox 2147 3657 2322 3726; x_wconf 79' lang='lat' dir='ltr'><strong>Haec</strong></span> 
     </span>
    </p>
   </div>
   <div class='ocr_carea' id='block_1_6' title="bbox 510 3835 1818 3998">
    <p class='ocr_par' dir='ltr' id='par_1_7' title="bbox 510 3835 1818 3998">
     <span class='ocr_line' id='line_1_27' title="bbox 510 3835 1465 3906; baseline 0.009 -19"><span class='ocrx_word' id='word_1_192' title='bbox 510 3835 667 3904; x_wconf 65' lang='lat'><strong>(36)</strong></span> <span class='ocrx_word' id='word_1_193' title='bbox 707 3838 889 3890; x_wconf 68' lang='lat' dir='ltr'><strong>Vnt-r</strong></span> <span class='ocrx_word' id='word_1_194' title='bbox 941 3839 1083 3891; x_wconf 78' lang='lat' dir='ltr'><strong>Tom.</strong></span> <span class='ocrx_word' id='word_1_195' title='bbox 1132 3839 1209 3894; x_wconf 83' lang='lat'><strong>11.</strong></span> <span class='ocrx_word' id='word_1_196' title='bbox 1244 3849 1301 3904; x_wconf 75' lang='lat' dir='ltr'><strong>p·</strong></span> <span class='ocrx_word' id='word_1_197' title='bbox 1352 3855 1465 3906; x_wconf 80' lang='lat'>197·</span> 
     </span>
     <span class='ocr_line' id='line_1_28' title="bbox 512 3921 1818 3998; baseline 0.005 -25"><span class='ocrx_word' id='word_1_198' title='bbox 512 3921 662 3994; x_wconf 67' lang='lat'><strong>(37)</strong></span> <span class='ocrx_word' id='word_1_199' title='bbox 715 3922 861 3978; x_wconf 76' lang='lat' dir='ltr'><strong>Rau.</strong></span> <span class='ocrx_word' id='word_1_200' title='bbox 907 3925 972 3974; x_wconf 78' lang='lat' dir='ltr'><strong>de</strong></span> <span class='ocrx_word' id='word_1_201' title='bbox 1018 3923 1215 3988; x_wconf 61' lang='lat' dir='ltr'><strong>Clam,</strong></span> <span class='ocrx_word' id='word_1_202' title='bbox 1264 3925 1385 3980; x_wconf 74' lang='lat' dir='ltr'><strong>Lib.</strong></span> <span class='ocrx_word' id='word_1_203' title='bbox 1435 3927 1508 3980; x_wconf 79' lang='lat' dir='ltr'><strong>V·</strong></span> <span class='ocrx_word' id='word_1_204' title='bbox 1543 3929 1688 3992; x_wconf 71' lang='lat' dir='ltr'><strong>cap.</strong></span> <span class='ocrx_word' id='word_1_205' title='bbox 1739 3941 1818 3998; x_wconf 72' lang='lat'><strong>¹2·</strong></span> 
     </span>
    </p>
   </div>
  </div>
 </body>
</html>
