3000 4917
1363 320 1608 379 ΕΞ
2381 333 2424 401 3

513 496 799 565 delictum
828 509 1023 564 morte
1052 496 1207 565 civili
1222 495 1622 580 puniendum.
1705 500 1856 569 Non
1885 474 2178 585 profecto'
2195 504 2250 571 is
2282 516 2412 570 tan·

510 638 641 691 tum
662 672 687 705 ,
752 624 857 707 qui
928 624 1231 692 homicidii
1289 628 1389 693 vel
1458 627 1882 710 perduellionis
1933 648 2074 697 reus
2126 643 2260 711 est,
2321 628 2408 713 cin,-

507 750 673 817 vitati
721 766 900 817 nocet
920 799 945 832 ,
981 754 1089 818 sed
1136 768 1197 818 et
1255 751 1423 821 fures
1437 799 1462 837 ,
1521 754 1769 823 adulteri
1789 802 1815 838 ,
1869 755 2020 823 aeris
2077 756 2252 822 alieni
2301 756 2407 823 de-

508 893 781 947 coctores
875 880 1159 948 damnum
1236 880 1521 949 afferunt.
1627 882 1748 949 Sed
1805 898 2110 965 praeterea
2149 897 2406 957 mortem

507 1004 742 1075 civilem
802 1021 980 1075 vocat
1022 1027 1367 1076 monzuns
1396 1056 1421 1089 ,
1482 1006 1876 1091 privationem
1925 1009 2168 1079 illorum
2207 1010 2405 1077 bono-

496 1148 641 1233 ‘rum
658 1180 683 1215 ‚
774 1133 1001 1215 quibus
1078 1134 1147 1201 in
1226 1134 1552 1217 perniciem
1639 1135 1896 1203 civitatis
1983 1136 2198 1204 utitur.
2313 1136 2404 1221 At

507 1259 942 1327 observandum
958 1308 985 1342 ,
1044 1260 1143 1327 hic
1192 1278 1425 1329 summa
1488 1263 1854 1329 obscuritate
1914 1263 2184 1329 laborare
2227 1264 2408 1347 phra-

502 1386 597 1454 sin
678 1403 930 1469 propter
995 1387 1333 1471 ambiguam
1406 1388 1578 1455 vocis
1650 1388 1944 1457 bonorum
2025 1388 2407 1473 significatio-

504 1530 669 1579 nem.
748 1514 910 1581 Nam
934 1513 1009 1606 ‚si
1058 1512 1137 1579 ab
1175 1484 1295 1581 una
1340 1533 1510 1596 parte
1555 1515 1796 1599 linguae
1837 1516 2070 1581 indoles
2111 1518 2402 1599 suadeat,

498 1641 575 1707 de
624 1638 805 1707 bonis
824 1686 849 1719 ,
904 1659 1057 1719 quae
1088 1641 1469 1721 possidemus
1523 1660 1657 1707 esse
1707 1660 2044 1708 sermonem
2059 1686 2090 1721 ,
2121 1643 2195 1705 ab
2219 1644 2400 1709 altera

501 1780 671 1849 parte
744 1766 905 1833 haud
965 1766 1273 1847 probabile
1330 1781 1465 1846 est,
1524 1766 1938 1833 doctissimum
1983 1765 2176 1833 virum
2193 1812 2221 1847 ,
2299 1768 2405 1848 qui

502 1911 786 1977 magnum
836 1891 979 1958 satis
1036 1911 1195 1974 opus
1270 1893 1347 1958 de
1412 1908 1608 1957 morte
1669 1892 1824 1957 civili
1869 1890 2227 1973 conscripsit
2244 1938 2268 1972 ,
2326 1891 2408 1961 ita

498 2020 687 2087 fuisse
726 2018 1163 2102 imprudentem
1180 2064 1203 2100 ,
1244 2033 1313 2085 ut
1356 2020 1511 2084 hanc
1558 2039 1699 2087 cum
1750 2018 2154 2101 publicatione
2201 2018 2400 2084 bono-

421 2168 435 2179 ·
497 2166 631 2213 rum
658 2146 1080 2213 confunderet.
1118 2145 1491 2229 Intelligatur
1524 2146 1706 2228 igitur
1719 2146 1892 2212 locus
1913 2146 1986 2211 de
2017 2145 2349 2213 commodis
2367 2193 2396 2228 ,
2496 2220 2503 2227 ‚

498 2272 723 2353 quibus
766 2273 851 2337 in
919 2270 1169 2339 civitate
1222 2272 1489 2353 utimur;
1568 2289 1694 2335 non
1745 2286 1943 2337 tamen
1993 2271 2396 2355 ambiguitatis

500 2398 666 2465 labes
706 2399 937 2465 deletur
960 2445 983 2479 ,
1024 2417 1097 2465 ac
1132 2399 1227 2465 vel
1259 2410 1508 2480 propter
1544 2397 1662 2463 hoc
1697 2414 1884 2464 unum
1917 2414 2047 2465 non
2077 2397 2394 2463 admitten-

494 2526 573 2593 da
632 2525 793 2593 foret
840 2524 1153 2610 definitio;
1212 2524 1433 2607 quodsi
1485 2545 1630 2591 vero
1679 2524 1886 2592 ultima
1932 2524 2042 2589 hac
2094 2522 2400 2609 significa-

492 2653 660 2721 tione
692 2654 1017 2737 accipiatur
1034 2700 1060 2737 ,
1102 2654 1165 2719 in
1198 2654 1331 2736 ipsa
1371 2667 1568 2721 tamen
1590 2672 1654 2717 re
1691 2670 1858 2717 error
1883 2650 2115 2717 latebit.
2201 2650 2395 2719 Com·-

498 2783 676 2849 moda
694 2781 855 2847 enim
886 2782 1031 2847 haec
1051 2828 1075 2861 ‚
1109 2780 1481 2847 securitatem
1500 2796 1562 2845 et
1575 2777 1860 2847 auxilium
1894 2792 2114 2859 vocat3
2139 2795 2218 2844 an
2237 2794 2390 2847 vero

494 2910 640 2975 haec
704 2908 770 2972 in
814 2908 947 2976 sola
998 2922 1191 2975 morte
1242 2907 1401 2973 civili
1444 2906 1862 3003 denegantur?
1927 2922 2132 2971 nonne
2178 2904 2390 2971 iisdem

370 3112 383 3121 ἱ
494 3044 559 3099 et
623 3032 709 3101 illi
789 3032 1097 3113 privantur
1121 3080 1146 3113 ,
1224 3032 1449 3115 quibus
1531 3033 1794 3097 minores
1869 3049 2137 3112 poenae,
2199 3029 2387 3096 veluti

493 3156 808 3241 fustigatio
840 3159 937 3229 vel
971 3178 1169 3223 carcer
1199 3158 1465 3223 imminet
1481 3157 1514 3221 2
1557 3172 1662 3221 aut
1687 3160 1712 3229 (
1734 3170 1804 3220 ut
1830 3170 2212 3221 contumaces
2250 3156 2390 3233 mit,-

490 3285 741 3367 tamus)
801 3285 911 3365 qui
978 3285 1055 3351 ad
1114 3301 1328 3365 operas
1381 3280 1672 3365 publicas·
1706 3279 2010 3361 damnati,
2067 3280 2130 3345 in
2189 3290 2386 3366 ergas-

492 3412 639 3481 tulis
695 3411 877 3478 vitam
940 3410 1170 3493 degunt
1238 3428 1309 3475 ac
1374 3407 1624 3475 civiliter
1691 3407 1912 3479 mortui
1983 3410 2113 3493 lege
2179 3408 2388 3477 dicun·

489 3554 590 3606 tnr
609 3586 633 3619 ,
712 3554 911 3605 utrum
1005 3536 1329 3605 securitate
1440 3551 1500 3601 et
1587 3535 1807 3603 auxilio
1898 3536 2140 3619 penims
2205 3537 2390 3613 desti-

486 3679 779 3747 tuuntur3
857 3666 973 3731 hos
1018 3665 1175 3731 enim
1236 3684 1415 3729 nemo
1458 3664 1645 3729 -laedft
1699 3665 1795 3733 vel
1845 3664 2110 3746 cruciat‚'
2171 3686 2280 3745 ac,
2331 3664 2382 3731 si

487 3809 615 3859 non
629 3793 787 3865 laute
804 3838 831 3877 ,
860 3806 1053 3861 tamen
1084 3794 1253 3876 quod
1284 3811 1555 3873 necesse,
1584 3792 1654 3861 iis
1682 3794 1946 3879 praeberi
1964 3794 2381 3879 legesiubent.

1465 3920 1528 3986 A
1572 3941 1610 3986 2
2233 3916 2388 3981 Non
