3000 4917
2258 396 2389 470 245

466 566 799 633 versionem
860 562 1136 631 universe
1172 538 1659 648 contemplemur
1673 613 1700 649 ,
1738 588 2033 653 quaenam
2069 574 2183 641 erit
2206 594 2379 647 con..

464 696 664 762 clusio
729 693 850 761 nisi
899 692 1024 760 hoc
1045 739 1072 775 ,
1126 693 1473 760 institutum
1491 741 1521 776 ,
1571 697 1745 778 quod
1790 700 2054 784 quisque
2103 703 2363 788 aliquod

461 836 728 904 systema
769 819 1082 888 continere
1128 822 1434 907 praedicat
1480 842 1549 889 ac
1608 842 1726 892 suo
1781 843 1951 893 more
1983 829 2363 902 demonstra-

441 942 534 1014 're
578 961 839 1014 conatur
857 991 882 1026 ,
934 964 1138 1015 revera
1186 949 1423 1018 nullum
1479 950 1723 1019 habere.
1824 949 1962 1018 Nec
2013 957 2177 1026 enim
2221 962 2359 1046 jure

468 1074 638 1140 civili
667 1072 914 1141 Gallico
932 1120 959 1156 ‚
1009 1093 1122 1142 nec
1151 1077 1288 1160 jure
1329 1079 1598 1147 civitatis
1633 1058 1947 1165 priuatur,
1979 1082 2095 1149 sed
2126 1086 2363 1159 ratione

467 1202 831 1270 matrimonii
879 1223 949 1268 ac
1001 1204 1332 1272 liberorum
1392 1208 1699 1276 civitatem
1749 1206 2176 1282 Romanorum
2212 1234 2375 1286 con—

468 1342 564 1396 tra
614 1332 776 1414 leges
825 1344 888 1397 et
930 1330 1036 1416 jus
1091 1332 1400 1400 Gallicum
1457 1333 1725 1418 amittit3
1786 1333 2139 1420 dignitatem
2176 1358 2373 1426 prop«

474 1473 570 1524 ter
641 1457 984 1542 feloniam3
1050 1460 1392 1528 testamenti
1453 1459 1786 1530 factionem
1839 1467 2243 1551 estantiquis
2293 1470 2377 1539 de,

473 1582 780 1653 forbanno
837 1583 1106 1669 legibus,
1167 1606 1280 1654 seu
1329 1588 1420 1654 uti
1463 1590 1552 1658 ait
1605 1606 1965 1657 ammanus
2008 1610 2107 1661 ms
2156 1610 2377 1665 anau-²
2438 1649 2443 1653 -

474 1734 782 1799 umora,
864 1720 1011 1802 quia
1061 1721 1219 1788 nihil
1271 1721 1453 1789 habet
1478 1766 1506 1805 ,
1562 1720 1682 1789 sibi
1734 1723 2032 1790 ademtam
2078 1722 2282 1806 videt3
2342 1734 2382 1792 a

471 1844 606 1928 jure
677 1846 951 1929 gentium
1018 1844 1441 1914 Romanorum
1490 1846 1847 1915 facultatem
1897 1849 2252 1931 adquirendi
2303 1866 2382 1916 ac

476 1973 775 2041 alienandi
831 1975 1096 2060 accipit3
1187 1992 1397 2045 contra
1441 1975 1569 2044 hoc
1611 1995 1765 2044 vero
1813 1973 2067 2045 fut-ioris
2116 1997 2189 2045 ac
2238 1994 2388 2063 pro-

476 2102 636 2184 digis
685 2102 943 2185 similis,
1000 2106 1133 2171 sine
1187 2119 1463 2173 curatore
1524 2105 1679 2174 nihil
1727 2108 1795 2174 in
1842 2103 1988 2173 foro
2037 2122 2214 2193 agere
2262 2125 2385 2192 po·

478 2246 601 2298 test
619 2278 646 2314 ,
705 2234 850 2316 quia
893 2232 1241 2299 auctoribus
1279 2233 1363 2299 ita
1403 2233 1670 2319 placuit3
1737 2235 1998 2318 denique
2040 2235 2185 2318 quia
2226 2231 2272 2316 J
2273 2250 2383 2305 uo*

478 2361 715 2428 tiniano
753 2361 966 2428 'visum
1018 2377 1111 2430 est
1156 2362 1219 2428 in
1269 2382 1379 2431 sua
1426 2365 1658 2431 ditione
1708 2364 2167 2455 deportatorum
2226 2360 2381 2427 libe-

477 2488 821 2555 ris1horum
854 2487 1015 2556 bona
1039 2491 1341 2573 assignare
1360 2535 1387 2572 ‚
1419 2490 1484 2558 in
1529 2491 1684 2557 locis
1715 2488 1951 2558 Galliae
1971 2532 1996 2570 ‚
2045 2503 2201 2571 quae
2229 2504 2385 2555 con·-

476 2611 797 2681 fiscatione
839 2630 968 2679 non
1021 2629 1310 2696 utuntur,
1348 2614 1448 2681 bis
1498 2615 1882 2682 haereditatis
1925 2626 2208 2696 respectu
2243 2630 2379 2679 mo·

476 2742 658 2809 ritur.
741 2741 885 2809 Hoc
946 2757 1146 2810 autem
1207 2744 1274 2810 in
1314 2742 1627 2812 abstracto
1672 2743 1824 2810 satis
1873 2741 2198 2808 ridiculum
2216 2781 2247 2822 ,
2319 2754 2383 2807 at

449 2856 545 2933 ‘in
591 2868 666 2934 iis
717 2886 874 2950 quae
919 2872 1211 2937 hactenus
1264 2873 1331 2937 in
1391 2872 1818 2938 dissertatione
1879 2886 2010 2934 mea
2060 2867 2139 2932 de
2188 2881 2385 2932 morte

479 2995 649 3061 civili
715 2995 1018 3079 proposui
1079 2994 1401 3059 Gallorum
1460 2993 1701 3083 Jcrum
1749 2993 2029 3074 apologia
2071 2993 2257 3058 latere
2296 2991 2389 3057 vi-

484 3123 685 3188 detur.
784 3119 1033 3209 Quippe
1091 3136 1204 3184 sua
1268 3117 1629 3183 auctoritate
1674 3114 2030 3184 institutum
2084 3115 2387 3185 diuturnis

484 3262 797 3333 receptum
850 3248 1124 3315 moribus
1164 3247 1500 3332 abrogare,
1551 3262 1669 3311 nec
1715 3242 2061 3327 audebant,
2117 3262 2233 3313 nec
2269 3265 2384 3330 po-

473 3390 702 3444 ·tcrant.
787 3376 1033 3442 Frustra
1080 3375 1238 3444 enim
1275 3376 1397 3441 hoc
1448 3372 1800 3441 subvertere
1828 3374 2035 3440 conati
2073 3369 2384 3457 fuissent,

481 3506 662 3588 quod
725 3504 1130 3571 nihilominus
1199 3501 1527 3569 tribunalia·
1572 3501 1829 3582 exsequi
1884 3494 2260 3584 cogebantur
2300 3514 2371 3571 ac

481 3647 826 3717 praeterea,
900 3644 970 3697 ut
1022 3632 1106 3698 ita
1157 3631 1353 3696 dicam
1376 3674 1403 3710 ,
1463 3646 1604 3693 cum
1665 3627 1805 3711 ipsa
1857 3643 2039 3711 gente
2077 3633 2386 3701 excultum

481 3773 553 3824 et
606 3772 872 3826 erectum
917 3755 1139 3824 fuerat.
1227 3754 1541 3839 Optimam
1585 3753 1683 3820 sic
1717 3751 1879 3821 viam
1912 3755 2391 3844 ingressuum,

483 3903 634 3957 cum
694 3874 998 3974 majorum
1052 3901 1308 3952 suorum
1365 3879 1645 3964 vestigiis
1672 3897 1775 3947 ex
1837 3856 2263 3955 Romanorum
2294 3890 2406 3954 la-

1446 4011 1512 4078 H
1538 4009 1581 4075 h
1625 4027 1663 4093 3
2316 4014 2411 4097 gi-
