3000 4917
1158 349 1165 357 „
1256 331 1501 390 ..-.“““““·.-..
1773 415 1780 422 .
2220 334 2342 400 ¹73

436 558 479 598 „
518 514 765 582 exilium
834 512 1065 582 missus
1134 510 1371 598 fuerit,
1436 513 1582 594 quia
1649 527 1780 577 non
1859 522 2068 594 potest
2135 507 2330 582 filium

434 687 479 726 ,‚
516 643 715 708 civem
764 639 1111 710 Romanum
1159 639 1223 706 iu
1270 627 1578 724 potestate
1630 639 1889 720 habere,
1928 641 2116 704 homo
2157 657 2331 721 pere-

444 815 487 852 „
524 768 729 855 grinae
805 767 1175 837 conditionis
1218 765 1507 834 effectus.
1588 763 1742 834 Item
1807 765 1972 833 filius
1989 755 2027 848 ,’
2073 766 2130 832 si
2177 767 2358 834 vivo“

440 942 485 979 „
522 911 693 981 patre
741 898 809 963 in
864 894 1110 963 exilium
1158 895 1387 962 missus
1444 891 1629 960 fuerit
1680 894 1742 961 in
1791 908 2092 978 potestate
2138 894 2332 978 patris

446 1069 490 1106 „
528 1022 679 1091 civis
730 1025 995 1092 Romani
1044 1041 1180 1091 esse
1243 1039 1373 1091 non
1422 1036 1631 1105 potest
1649 1067 1676 1104 ,
1733 1021 1880 1104 quia
1927 1021 2200 1090 similiter
2233 1041 2339 1106 pe-

448 1196 493 1235 „
531 1152 799 1236 regi-inae
851 1151 1222 1219 conditionis
1279 1149 1484 1218 factus
1506 1195 1533 1232 ,
1607 1150 2028 1234 cognoscitur.
2033 1149 2080 1180 '⁹
2158 1149 2342 1217 Simi-

385 1325 388 1328 -
443 1279 583 1346 liter
604 1279 939 1388 exsulibus
987 1279 1362 1370 denegatur
1371 1277 1736 1344 succedendi
1779 1278 1882 1363 jus
1921 1279 1987 1342 in
2021 1275 2340 1360 Interpret.

435 1407 526 1474 L.
585 1427 644 1474 1
684 1405 837 1476 cod.
890 1404 1116 1473 Theod.
1170 1403 1248 1474 de
1290 1407 1635 1492 inofficioso
1665 1416 2055 1482 testamento.
2139 1403 2346 1472 Maxi·

442 1536 527 1601 mi
578 1549 778 1601 tamen
831 1534 1127 1602 momenti
1166 1534 1269 1602 ille
1319 1533 1465 1618 Gaii
1507 1533 1730 1614 locus,
1772 1533 1880 1614 qui
1913 1550 2124 1598 omnes
2153 1551 2344 1616 prop-

446 1676 605 1728 terea
678 1661 893 1728 tollere
955 1661 1193 1728 videtur
1242 1660 1624 1727 difficultates
1644 1704 1671 1740 ‚
1729 1659 2018 1744 quoniam
2081 1677 2159 1726 ex
2208 1662 2346 1744 ipsa

438 1788 608 1874 Juris
642 1787 909 1857 Romani
936 1789 1212 1872 analogia
1226 1806 1351 1854 rem
1390 1807 1460 1854 ac
1499 1767 1742 1855 causam
1763 1788 2123 1878 depromsit.
2168 1787 2338 1856 Hinc

444 1915 611 1984 forte
656 1917 970 1984 mirabitur
1017 1915 1155 2000 quis
1175 1963 1200 1998 ‚
1255 1935 1351 1982 me
1385 1930 1481 1982 tot
1533 1917 1809 1982 attulisse
1843 1883 2006 2000 leges
2028 1961 2050 1996 ,
2095 1930 2190 1982 tot
2211 1933 2352 2005 ver-¹

448 2044 547 2111 bis
600 2045 728 2130 uti,
813 2061 956 2110 cum
1009 2061 1137 2110 uno
1196 2044 1480 2112 Breviarii
1529 2047 1672 2110 loco
1723 2059 1854 2110 tota
1917 2043 2190 2126 quaestio
2255 2044 2348 2111 di·

448 2159 724 2242 rimatur.
820 2175 912 2242 At
970 2170 1153 2239 facile
1218 2173 1577 2258 intelligitur
1641 2190 1716 2238 ex
1771 2172 1848 2238 iis
1867 2217 1894 2254 ,
1955 2189 2109 2254 quae
2159 2190 2348 2255 supra
2409 2193 2414 2198 ·

451 2301 628 2368 attuli
647 2343 675 2382 ,
752 2318 933 2383 quam
1004 2318 1183 2384 grave
1236 2303 1362 2383 sit,
1417 2302 1573 2372 hanc
1629 2302 2008 2386 peregrinam
2064 2303 2344 2368 exsulum

445 2401 859 2512 conditionem
916 2445 1059 2496 cum
1108 2427 1365 2512 publico
1424 2429 1596 2512 regni
1647 2443 1810 2495 statu
1859 2427 2230 2512 conciliare3
2266 2449 2354 2518 ac

444 2528 700 2640 proinde
749 2570 927 2623 caute
976 2569 1073 2624 est
1114 2555 1708 2654 animadvertendum
1769 2555 1834 2620 in
1885 2574 1952 2622 ea
1974 2600 1999 2636 ‚
2054 2575 2208 2640 quae
2247 2575 2350 2646 cs-

447 2683 597 2767 pitis
648 2685 1043 2752 minutionem
1095 2685 1162 2750 in
1219 2685 1357 2768 ipso
1396 2685 1704 2752 Breviario
1754 2681 2079 2768 infringere
2134 2649 2364 2752 viden(

447 2825 575 2877 tur.
677 2809 925 2877 Etenim
986 2813 1053 2880 in
1102 2811 1271 2878 Pauli
1324 2813 1580 2894 receptis
1630 2813 1948 2902 sententiis
2005 2811 2154 2894 (3)
2205 2812 2342 2893 qui·

452 2939 589 3004 dem
621 2935 767 3003 haec
802 2941 1111 3022 leguntur.
1176 2983 1218 3021 „
1259 2938 1329 3004 In
1365 2941 1628 3006 insulam
1661 2942 1957 3022 relegatus
1992 2953 2053 3002 et
2071 2938 2151 3003 in
2183 2955 2344 3020 opus

350 3075 355 3078 ·
455 3108 503 3150 ,,
538 3065 854 3162 publicum
905 3067 982 3131 ad
1032 3078 1280 3147 tempus
1338 3066 1656 3131 damnatus
1679 3110 1702 3144 ,
1763 3067 1924 3150 qula
1973 3065 2201 3128 retinet
2251 3065 2343 3128 ct·-

447 3237 491 3274 „
533 3197 793 3260 vitatem
816 3239 841 3272 ,
910 3204 1337 3257 testamentum
1406 3189 1608 3256 facere
1685 3203 1892 3272 potest
1977 3202 2038 3254 et
2093 3208 2166 3256 ex
2221 3204 2345 3258 tes-

450 3364 495 3403 „
538 3333 800 3386 tamento
831 3337 1065 3400 capere.
1144 3299 1397 3388 „Verum
1427 3318 1721 3400 interpres
1756 3333 1938 3408 omne
1969 3315 2151 3401 hujus
2177 3315 2344 3404 frag-

448 3446 639 3515 menti
703 3413 1087 3513 momentum
1129 3463 1256 3512 non
1313 3459 1560 3534 tantum¹
1621 3445 1919 3524 destruit,
1982 3445 2093 3510 sed
2161 3451 2341 3514 etiam

445 3575 665 3644 refellit
732 3573 898 3642 hisce
957 3573 1181 3641 verbis.
1272 3619 1315 3656 ,‚
1359 3573 1484 3659 Qui
1539 3592 1654 3658 pro
1702 3573 1910 3657 aliquo
1964 3575 2213 3641 crimine
2266 3576 2345 3642 ad
2410 3646 2417 3656 ,

2112 3747 2156 3788 „
2195 3717 2350 3778 tem-

548 3853 665 3918 (3)
713 3853 879 3908 Paul.
929 3853 1149 3919 Recept.
1203 3852 1351 3905 Sene.
1402 3849 1524 3904 Lib.
1575 3846 1672 3905 111.
1723 3847 1838 3909 Tit.
1879 3848 2170 3922 .1V.§·.2.

1280 3977 1287 3983 .
1360 3955 1415 4020 Y
1462 3977 1497 4040 3
