3000 4917
1307 361 1556 421 ξ...-
2343 377 2386 443 ς

435 548 445 557 ’
544 541 941 609 Difficultates
991 541 1221 625 igitur,
1272 560 1429 623 quae
1500 562 1578 607 cx
1625 544 1786 611 dicta
1829 547 2110 615 oriamur
2153 548 2376 615 discre-

458 670 658 753 pantia
692 686 915 752 sponte
959 684 1317 733 evanescent
1346 716 1371 753 ,
1400 670 1455 735 si
1490 671 1568 735 ad
1579 676 1830 753 primm
1859 675 2033 740 vocis
2069 675 2364 759 signifia-

462 796 687 862 tionem
732 798 1201 879 adscendamus3
1251 796 1391 877 quia
1450 811 1598 863 tunc
1647 816 1792 865 sune
1851 803 1938 865 rei
2007 801 2360 869 convenisse

466 922 655 990 dubio
724 940 908 991 caret.
2423 994 2436 1003 ‚

548 1050 731 1117 Errat
808 1066 1049 1132 tamen,
1110 1053 1217 1135 qui
1268 1067 1441 1135 putat
1507 1072 1636 1120 uno
1691 1054 1880 1119 verbo
1955 1055 2078 1119 dici
2139 1074 2368 1138 posse,

466 1177 605 1258 quis
692 1178 863 1244 vocis
924 1178 1109 1245 fuerit
1164 1194 1377 1247 auctor
1392 1227 1419 1259 ‚
1482 1178 1626 1261 quis
1693 1180 1894 1261 primo
1967 1183 2370 1262 usurpaverit·

466 1303 695 1369 Omnes
732 1303 931 1383 enim,
986 1306 1093 1386 qui
1138 1306 1317 1369 medii
1357 1306 1489 1371 aevi
1521 1306 1800 1371 tenebras
1834 1308 2233 1388 evolverim,
2279 1306 2368 1373 fa-

463 1430 579 1497 cile
660 1433 1031 1510 concedent,
1122 1432 1355 1499 difficile
1436 1434 1760 1499 admodum
1835 1452 2010 1515 esse,
2079 1434 2372 1517 originem

466 1576 673 1622 eruere
724 1557 1165 1623 institutionum
1186 1605 1211 1638 ‚
1282 1578 1439 1641 quae
1482 1560 1590 1624 illo
1638 1574 1910 1641 tempore
1965 1575 2134 1627 oetae
2197 1579 2368 1627 sunt.

469 1682 693 1763 Neque
760 1683 1047 1763 dubium,
1125 1685 1273 1765 quin
1324 1704 1491 1751 mors
1557 1685 1748 1751 civilis
1797 1688 1996 1752 medio
2047 1706 2198 1752 aevo
2215 1733 2243 1766 ‚
2301 1702 2374 1751 ut

468 1808 553 1874 ita
605 1809 795 1874 dicam
821 1856 846 1889 ,
921 1809 1163 1875 inventa
1232 1811 1341 1879 sit.
1418 1811 1794 1878 Evolvamus
1859 1811 2016 1877 enim
2083 1815 2188 1895 jus
2249 1812 2382 1877 Ro-

468 1906 757 2003 manum(
816 1938 1107 2022 Quamvis
1145 1937 1475 2003 recentiore
1516 1952 1704 2003 aetate
1755 1940 1822 2002 in
1869 1938 1982 2003 hac
2020 1938 2176 2020 juris
2207 1952 2378 2021 parte

466 2062 594 2129 fere
640 2064 865 2143 ubique
912 2064 989 2127 ad
1032 2078 1233 2144 partes
1280 2080 1534 2129 vocetur
1549 2112 1576 2144 ‚
1637 2062 1862 2130 frustra
1907 2083 2134 2129 nomen
2191 2082 2378 2147 quae·

466 2191 619 2255 titur
638 2236 663 2269 ‚
720 2208 921 2271 neque
987 2190 1147 2255 ullus
1191 2188 1512 2270 hucusque
1561 2190 1856 2269 reperitur
1894 2189 2378 2271 jurisconsultum

470 2316 579 2396 qui
630 2335 840 2378 nomen
884 2334 919 2377 e
970 2312 1119 2397 Jure
1168 2312 1445 2379 Romano
1496 2314 1744 2381 fluxisse
1819 2314 2138 2379 defendere
2195 2334 2382 2381 ansus

466 2441 573 2509 sit.
655 2440 781 2527 Qui
830 2459 977 2504 vero
1034 2457 1179 2521 post
1227 2456 1578 2507 mmmmm
1629 2460 1844 2507 venere
1897 2441 2052 2524 juris
2089 2442 2384 2523 interpre-

468 2584 561 2634 tes
585 2614 610 2650 ‚
654 2569 1175 2637 commentatores
1234 2580 1295 2632 et
1346 2568 1736 2635 Glossatoroe
1751 2614 1778 2647 ‚
1839 2567 1916 2631 de
1943 2570 2098 2649 juris
2136 2568 2382 2649 quidem

466 2694 729 2761 Romani
785 2695 1181 2776 applicatione
1240 2695 1317 2757 ad
1371 2710 1624 2759 mortem
1701 2694 1958 2761 Civilem
2021 2693 2374 2777 disputant3

467 2840 679 2887 vocem
730 2839 879 2885 vero
897 2866 922 2899 ‚
983 2836 1055 2887 ut
1118 2818 1401 2883 omnibus
1462 2834 1666 2884 notam
1731 2832 2087 2901 exponunt,
2151 2838 2224 2883 ac
2273 2819 2378 2883 vix

470 2946 856 3011 definiendam
929 2959 1182 3027 putant,
1252 2944 1371 3010 nisi
1440 2946 1503 3007 in
1550 2958 1844 3024 quantum
1897 2942 2152 3008 naturali
2193 2943 2376 3009 morti

471 3070 839 3151 aequiparari
890 3070 1124 3135 debeat.

540 3196 703 3263 Hinc
732 3196 869 3260 luce
910 3194 1127 3259 clarius
1160 3207 1251 3267 est
1284 3210 1485 3273 neque
1515 3211 1552 3255 a
1581 3190 1874 3255 Romanis
1905 3191 2202 3272 cognitam
2219 3238 2245 3271 ‚
2271 3208 2378 3256 ne-

473 3345 596 3408 que
643 3344 681 3389 a
735 3321 1197 3389 Glossatoribus
1280 3319 1583 3383 inventam
1655 3315 1886 3399 fuisse3
1965 3332 2102 3381 ante
2169 3336 2376 3385 saecu-

474 3455 603 3519 lum
648 3467 849 3517 tamen
885 3448 1057 3517 xm.
1092 3446 1369 3529 usurpari
1411 3459 1686 3527 coeptam
1737 3443 1924 3511 dubio
1986 3458 2169 3509 caret.
2253 3446 2376 3509 Sed

477 3596 677 3659 neque
712 3578 777 3641 in
796 3576 1199 3675 Barbas-orum
1217 3622 1241 3655 ‚
1272 3576 1361 3639 uti
1399 3574 1680 3640 dicuntur
1693 3620 1719 3655 ,
1751 3570 1987 3657 legibus
2009 3618 2033 3651 ‚
2091 3571 2154 3635 in
2189 3591 2380 3653 quan-

478 3718 611 3769 tum
686 3705 795 3769 has
886 3670 1033 3768 mihi
1113 3719 1457 3784 comparare
1531 3698 1704 3782 potui
1730 3747 1754 3780 ‚
1829 3697 2163 3782 invenitus-3
2247 3719 2378 3780 quo

475 3832 548 3901 fit
567 3876 591 3913 ,
652 3844 721 3897 ut
786 3829 839 3896 si
890 3830 967 3895 ab
1020 3847 1137 3895 una
1196 3843 1363 3911 parte
1430 3828 1686 3893 arduum
1743 3825 1857 3911 sit,
1918 3824 2162 3893 definire
2227 3838 2380 3888 tem-

1445 3956 1503 4021 Λ
1551 3976 1588 4037 3
2236 3964 2384 4028 1²⁰⁵»
