3000 4917
684 415 805 500 148
1517 423 1762 482 Ε

692 611 931 676 scilicet
974 607 1239 688 undique
1292 602 1654 670 forbannito
1716 602 2043 670 adversarii
2094 604 2538 674 concitarentur
2556 652 2585 690 ,

686 753 950 820 quorum
1002 732 1339 816 praemium
1388 733 1452 798 in
1495 733 1824 814 publicatis
1877 729 2048 798 terris
2103 734 2408 814 positum.
2453 711 2457 718 ¹

761 866 856 928 At
926 879 1231 928 namurco
1305 859 1416 926 111.
1498 860 1610 942 qui
1681 860 1878 942 Papas
1941 861 2020 926 ad
2085 861 2389 943 antiquam
2453 860 2586 926 fere

684 991 991 1073 Episcopi
1062 985 1331 1054 Romani
1384 984 1798 1054 conditionem
1851 985 2200 1069 redegerat,
2281 991 2586 1054 successit

680 1114 899 1186 infelix
944 1131 1236 1182 anunm
1284 1114 1399 1180 lV.
1442 1131 1736 1198 regnum,
1785 1131 1916 1196 quo
1949 1115 2340 1181 sacerdotalis
2373 1133 2582 1196 super-

682 1245 786 1311 bia
842 1261 1149 1310 summum
1192 1244 1439 1310 culmen
1488 1241 1715 1326 tetigit.
1801 1240 2014 1308 Plures
2059 1241 2246 1326 igitur
2301 1242 2380 1309 ad
2407 1259 2584 1307 com.

680 1370 1058 1456 primendam
1119 1385 1449 1437 cazcoun
1495 1366 1640 1435 VII.
1693 1369 2001 1434 audaciam
2047 1365 2238 1434 factae
2285 1383 2429 1434 sunt
2475 1387 2579 1436 ex·

676 1499 1068 1584 peditiones,
1117 1511 1183 1563 et
1234 1497 1424 1580 magis
1458 1495 1772 1578 magisque
1801 1495 1882 1561 ad
1909 1495 2112 1562 ltaliae
2155 1497 2566 1562 conditionem

678 1628 901 1694 oculos
956 1637 1385 1692 converterunt
1438 1621 1771 1707 principes.
1856 1622 1946 1689 At
2011 1625 2066 1690 si
2119 1625 2404 1690 adversus
2451 1623 2572 1691 Ita·

671 1757 769 1822 los
816 1750 995 1820 facile
1044 1749 1171 1820 fuit
1220 1751 1670 1818 Germanorum
1705 1751 1994 1818 auxilium
2016 1794 2041 1833 ,
2077 1753 2330 1816 arduum
2377 1765 2572 1816 tamen

672 1895 737 1948 et
804 1898 984 1966 grave
1052 1897 1165 1948 eos
1230 1878 1538 1946 concitare
1589 1879 1883 1946 adversus
1933 1879 2222 1945 ecclesiae
2277 1879 2570 1947 Christia-

670 2026 783 2076 nae
816 2019 1045 2094 caput3
1084 2007 1263 2092 cujus
1312 2007 1865 2074 excommunicatio
1903 2020 2280 2090 quantopere
2313 2005 2570 2072 timenda

636 2144 643 2160 ¹
672 2133 898 2216 fuerit,
930 2149 1222 2200 mmmm
1256 2132 1371 2200 lV.
1390 2134 1766 2216 poenitentia
1787 2133 2240 2216 ,dimissi0,ac
2269 2152 2382 2218 per
2395 2135 2572 2216 quin·

678 2262 1017 2346 quennium
1094 2253 1472 2346 insepultum
1557 2263 1856 2344 cadaver,
1919 2279 2133 2328 omnes
2215 2263 2566 2328 docuerant.

667 2390 936 2478 Maioris
1002 2389 1191 2474 igitur
1252 2390 1548 2458 momenti
1599 2388 1826 2471 fiebat,
1894 2388 2189 2458 Italorum
2239 2389 2359 2456 sibi
2431 2390 2559 2456 ani·

668 2537 809 2584 mos
862 2519 1226 2601 conciliare,
1264 2532 1335 2584 ut
1372 2518 1520 2584 dum
1559 2515 1798 2586 abesset
1825 2517 2200 2610 Imperator,
2247 2535 2391 2584 suae
2424 2535 2570 2582 cau-

664 2661 769 2710 sae
811 2642 1086 2710 fautores
1124 2661 1196 2708 ac
1244 2641 1596 2710 defensores
1642 2645 2050 2730 relinqueret,
2105 2663 2175 2710 ac
2225 2643 2564 2710 minoribus

664 2769 1062 2854 impediretur
1134 2769 1588 2838 difficultatibus
1607 2815 1636 2853 ,
1687 2771 1801 2840 ubi
1869 2761 2130 2840 Romam
2195 2769 2270 2836 ad
2337 2769 2566 2853 Papam

667 2895 1191 2982 comprimendum
1260 2897 1556 2966 tenderet.
1677 2898 1984 2967 Praeterea
2063 2897 2312 2965 rebelles
2389 2914 2566 2964 antea

663 3028 915 3112 saepius
948 3027 1103 3094 inter
1136 3043 1205 3092 se
1248 3024 1574 3094 discordiis
1618 3024 1998 3110 agitabantur
2017 3071 2044 3108 ‚
2093 3045 2293 3109 eoque
2320 3025 2562 3094 facilius

631 3235 638 3245 ι
664 3154 988 3240 comprimi
1006 3169 1287 3238 poterant
1308 3200 1332 3237 ,
1365 3168 1425 3220 at
1456 3154 1519 3221 hi
1537 3171 1704 3222 nunc
1734 3153 2022 3222 Pontifici
2051 3173 2120 3220 se
2143 3154 2477 3239 jungebant
2497 3173 2566 3220 ac

666 3284 1021 3351 societatem
1078 3283 1366 3349 adversus
1403 3301 1712 3348 summum
1763 3284 2150 3366 imperantem
2183 3281 2563 3361 formabant,

663 3425 733 3474 ut
794 3411 921 3494 jam
992 3409 1159 3476 omni
1212 3429 1412 3492 poena
1480 3412 1716 3492 soluti,
1787 3412 2024 3496 justum
2087 3408 2278 3476 ferme
2340 3409 2568 3476 bellum

665 3553 936 3620 gererent
957 3582 981 3616 ‚
1038 3550 1099 3601 et
1154 3539 1320 3618 quod
1368 3537 1677 3620 potentiae
1725 3552 1877 3603 suae
1936 3535 2139 3604 deerat
2157 3581 2181 3618 ,
2229 3537 2404 3620 iuxta
2449 3551 2564 3602 nu-

664 3669 800 3724 tum
858 3672 921 3724 et
965 3661 1355 3743 cupiditatem
1398 3664 1584 3729 armis
1615 3678 2104 3746 assequerentur.

749 3781 923 3850 Hinc
972 3785 1087 3849 nisi
1144 3789 1473 3886 amicorum
1515 3790 1696 3856 vellet
1777 3790 2060 3880 inimicis,
2089 3791 2358 3877 pejorem
2413 3807 2564 3857 con-

664 3909 957 3982 ditionem
980 3955 1007 3996 ,
1076 3913 1247 3993 quod
1295 3914 1359 3979 hi
1410 3887 1772 4000 rapuerant,
1825 3918 1949 3985 illis
2003 3909 2340 3986 concedere
2387 3935 2570 3982 coac-

2462 4057 2574 4108 tus
