3000 4917
698 401 823 472 ⁸34
1541 380 1788 456 =

698 573 1792 650 seam-emmachnsummi
1877 577 2174 646 momenti
2255 592 2356 648 est
2441 563 2628 652 nm

708 705 1149 777 observationis
1195 719 1448 774 nostrae
1490 703 1954 788 consequentia.

774 831 945 908 eum
996 833 1161 903 enlm
1202 834 1339 922 jura
1392 831 1602 900 civilia
1641 829 1846 901 omnia
1890 829 2219 900 Gallorum
2249 831 2392 922 jun
2445 851 2622 907 com·

694 968 1041 1060 plectantur
1058 1008 1085 1045 ‚
1142 977 1313 1030 mors
1372 957 1622 1028 eivilnm
1659 957 1810 1046 Jure
1857 957 2106 1030 Gallico
2119 1004 2147 1044 ,
2209 961 2322 1032 nbi
2365 961 2610 1049 jurium

696 1091 991 1166 civilium
1048 1087 1315 1178 privatio
1360 1089 1600 1157 dicatur
1613 1134 1641 1172 ,
1715 1101 1957 1172 praeter
2007 1087 2472 1175 ambiguitatem
2533 1105 2616 1161 ac

694 1219 912 1294 msam
972 1215 1247 1288 Romani
1316 1211 1487 1304 Jnrls
1570 1215 2036 1301 applicationem
2064 1263 2094 1299 ‚
2173 1235 2379 1288 revera
2453 1222 2614 1289 anti·

696 1351 961 1420 nomiam
1028 1343 1391 1428 constituit,
1448 1361 1596 1412 cum
1649 1359 1848 1412 morte
1897 1343 2061 1412 civili
2105 1363 2231 1414 non
2283 1347 2568 1415 universa
2585 1395 2614 1431 ,

694 1479 809 1549 aed
865 1475 1160 1563 quaedam
1228 1473 1623 1542 solummodo
1682 1473 1820 1560 jura
1881 1472 2078 1540 civilia
2144 1487 2405 1557 peremit.
2515 1477 2612 1544 At

696 1601 865 1676 forte
918 1603 1071 1672 mihi
1129 1601 1271 1687 quis
1342 1599 1684 1669 observavit
1701 1643 1727 1683 ‚
1801 1601 1952 1684 quid
2023 1598 2411 1671 strictissimo
2473 1619 2610 1672 sen·

700 1749 781 1806 an
828 1751 1034 1804 sumas
1080 1721 1337 1799 moriem
1388 1727 1674 1812 civilem,
1705 1747 1822 1796 nec
1873 1727 1950 1797 de
1997 1729 2134 1816 jure
2185 1731 2356 1799 civili
2393 1747 2606 1800 verum

702 1861 781 1932 de
831 1863 917 1932 iis
938 1906 964 1946 ‚
1016 1879 1172 1946 quae
1221 1877 1510 1944 expresse
1566 1857 1679 1930 hac
1725 1875 1926 1942 poena
1973 1859 2366 1940 adimuntur,
2429 1875 2610 1942 quae-

704 2007 845 2070 ras,
897 2003 1005 2058 aut
1050 2005 1191 2056 cum
1224 1988 1300 2054 de
1326 1989 1465 2074 jure
1500 1986 1940 2055 constituendo
1971 2000 2228 2072 agatur,
2281 1987 2493 2071 quidni
2535 2005 2610 2056 eo

704 2107 1035 2199 extendas,
1094 2128 1166 2183 ut
1218 2115 1499 2184 omnium
1542 2115 1770 2200 jurium
1835 2115 2243 2199 privationem
2299 2116 2610 2200 complet>

702 2255 869 2315 tatur
887 2241 923 2312 7
980 2243 1070 2312 At
1116 2259 1245 2311 non
1296 2259 1374 2312 co
1412 2243 1794 2312 difficultates
1838 2258 2231 2312 evanescunt.
2319 2243 2608 2329 Utroque

704 2375 867 2442 enim
920 2391 1071 2445 casu
1115 2384 1314 2440 morte
1362 2371 1532 2441 civili
1589 2389 1659 2439 ea
1707 2371 2090 2455 adimuntur,
2135 2388 2247 2440 seu
2299 2373 2468 2439 nulla
2507 2374 2610 2438 do·

712 2501 1059 2584 clarantur,
1117 2518 1277 2584 quae
1319 2511 1428 2567 aut
1484 2513 1699 2568 natura
1740 2501 2003 2567 hnmana
2045 2516 2226 2586 aegre
2264 2500 2458 2586 rejicit
2500 2509 2607 2566 aut

706 2643 783 2692 ex
814 2645 1123 2693 consensu
1152 2631 1419 2710 partium
1458 2627 1769 2694 oriuntur.
1852 2625 2004 2714 Quo
2041 2627 2154 2711 fit,
2192 2644 2262 2694 ut
2293 2627 2412 2695 nisi
2446 2613 2607 2694 hanc

706 2753 907 2842 juris,
954 2765 1085 2818 tum
1124 2752 1367 2834 civilis,
1422 2765 1556 2820 tum
1597 2752 1929 2820 criminalis
1981 2769 2212 2839 partem
2255 2755 2480 2823 irritam
2519 2769 2607 2822 aa·

707 2899 833 2968 que
885 2881 1123 2950 inanem
1176 2881 1438 2948 velimus
1457 2925 1484 2962 ‚
1553 2879 1744 2966 magis
1794 2899 1978 2966 quam
2033 2879 2292 2950 humana
2346 2883 2608 2968 pruden-

706 3013 795 3080 tia
826 3009 1152 3096 aequititur
1168 3056 1193 3094 ,
1239 3025 1320 3077 nc
1351 3009 1477 3078 vim
1516 3007 1665 3094 legis
1699 3005 1997 3096 effugiant
2032 3009 2122 3078 illi
2140 3057 2164 3093 ‚
2203 3009 2434 3094 qu'bus
2467 3029 2612 3080 con-

708 3139 947 3208 stituta.
1052 3137 1389 3226 Quotquot
1428 3137 1592 3204 enim
1636 3139 1927 3220 codices,
1987 3140 2118 3208 sive
2171 3141 2607 3224 antiquorum,

708 3266 844 3336 slve
896 3265 1303 3335 recentiorum
1364 3265 1764 3350 evolvantur,
1819 3267 1985 3352 leges
2047 3283 2367 3352 propterea
2429 3269 2616 3335 intro-

708 3395 931 3466 ductae
970 3394 1259 3462 videntur
1274 3438 1301 3476 ‚
1348 3407 1421 3460 nt
1450 3392 1773 3462 hominum
1805 3397 2082 3463 actiones
2114 3395 2399 3464 dirimant
2429 3411 2614 3481 atque

704 3521 1193 3593 diss-sionibus
1266 3519 1449 3590 finem
1502 3518 1737 3590 faciant
1789 3535 1897 3592 aut
1944 3521 2164 3592 vitent.
2247 3522 2462 3594 Verbo
2513 3525 2614 3592 da·

704 3663 811 3717 tur
853 3652 1093 3736 legibus
1140 3649 1477 3736 unicuique
1515 3648 1623 3737 jus
1678 3670 1860 3719 suum
1906 3653 2311 3737 persequendi
2362 3655 2429 3722 in
2477 3652 2616 3722 foro

702 3773 965 3846 facultas
984 3820 1011 3857 ‚
1058 3796 1188 3847 non
1222 3795 1370 3848 vcro
1406 3775 1672 3848 officium
1709 3782 2091 3865 imponitur;
2151 3780 2258 3850 ubi
2293 3801 2443 3850 vero
2482 3781 2614 3850 talis

706 3901 881 3999 adest
938 3905 1269 3976 necessitas
1286 3950 1313 3991 ,
1384 3923 1493 3982 aut
1559 3909 1924 4005 negligentia
1977 3914 2192 3995 culpae
2243 3913 2344 3981 vel
2395 3904 2612 3980 delicio
2655 3936 2662 3939 -
