3000 4917
640 404 685 475 6
1476 414 1720 471 =

654 614 777 681 pus
793 641 818 679 ‚
870 590 972 661 cni
1010 592 1305 680 ‘originem
1318 610 1441 662 vox
1480 592 1692 659 debeat
1709 636 1736 674 ‚
1775 572 1851 658 ab
1887 587 2066 659 altera
2099 604 2270 673 parte
2309 588 2548 676 maioris

657 722 739 791 sit
790 724 1074 791 momenti
1092 771 1117 806 ,
1184 723 1373 806 ipsam
1428 720 1690 789 nominis
1749 716 2237 803 significationem
2302 720 2380 786 ad
2431 739 2554 784 me·

658 842 789 917 diae
859 849 1163 917 latinitatis
1234 868 1505 917 normam
1582 850 1879 917 evolvere.
1983 848 2170 913 Mors
2241 847 2552 929 quomodo

654 976 754 1043 hic
832 976 1232 1061 intelligatur,
1308 976 1473 1043 nulla
1529 973 1754 1059 indiget
1809 973 2198 1057 explicatione
2215 1021 2239 1054 ‚
2303 970 2552 1057 figurate

656 1102 817 1169 enim
870 1101 1177 1185 sumiturJ
1248 1122 1402 1203 quae
1454 1101 1742 1184 loquendi
1797 1101 1949 1168 ratio
2005 1100 2407 1185 vulgatissima
2457 1113 2551 1167 est

654 1250 723 1297 ea
764 1242 954 1297 aetate
968 1276 995 1311 ,
1052 1248 1173 1311 qua
1223 1228 1579 1297 clericorum
1613 1227 1936 1297 auctoritas
1985 1225 2048 1293 in
2091 1226 2373 1295 omnibus
2407 1244 2557 1293 con-

654 1356 909 1438 spicitur
925 1402 952 1437 ,
1026 1368 1207 1436 atque
1270 1355 1409 1421 hinc
1476 1352 1627 1421 illud
1677 1353 1946 1437 inprimis
1997 1354 2318 1422 studebant
2363 1332 2557 1421 homi·

656 1496 767 1553 nes
786 1529 812 1565 ,
888 1498 959 1549 ut
1018 1482 1407 1567 symbolicam
1480 1500 1680 1549 sacrae
1735 1482 2064 1566 scripturae
2111 1482 2372 1567 linguam
2425 1483 2553 1547 imi·

656 1624 954 1677 tarenturt
1003 1626 1370 1693 quapropter
1412 1609 1734 1693 scriptores
1751 1658 1775 1691 ‚
1825 1610 1931 1679 ubi
1971 1609 2398 1694 separationem
2430 1608 2553 1675 ani·

658 1738 743 1804 mi
784 1754 847 1804 et
912 1737 1185 1820 corporis
1238 1732 1571 1821 significare
1615 1737 1871 1817 volunt,
1940 1752 2121 1819 atque
2175 1736 2398 1803 obiisse
2455 1734 2553 1803 vel

648 1863 1037 1931 'interfectum
1090 1883 1223 1930 esse
1268 1883 1630 1946 quemquam
1685 1879 1964 1943 narrant,
2019 1864 2102 1929 ita
2171 1866 2544 1943 loquunturt

652 1982 859 2056 ³m0rte
896 2002 1175 2055 mortuus
1206 2003 1296 2055 cst
1314 2038 1337 2071 ,
1370 2010 1448 2056 ne
1478 1990 1944 2058 confunderetur
1959 2008 2094 2055 cum
2117 1988 2189 2054 iis
2208 1987 2312 2069 qui
2328 1987 2550 2071 hyber-

654 2113 854 2181 bolice
889 2117 1153 2202 perilsse
1210 2116 1583 2185 dicebantur.
1727 2094 1736 2101 ‘

745 2241 1001 2327 Majoris
1062 2244 1351 2308 momenti
1400 2258 1492 2310 est
1555 2242 1915 2328 significatio
1969 2242 2238 2329 adjectivi
2287 2242 2544 2324 Civilis,

652 2386 688 2436 a
721 2386 846 2448 quo
891 2366 1081 2435 totius
1128 2369 1298 2434 vocis
1354 2370 1709 2454 significatio
1741 2370 1962 2453 pendet
1978 2414 2003 2451 ‚
2058 2386 2240 2453 atque
2293 2392 2327 2437 a
2371 2374 2545 2455 cuius

650 2512 941 2579 perverso
1008 2494 1310 2561 intellectu
1400 2496 1574 2561 multi
1647 2496 1711 2560 in
1775 2498 1886 2563 hac
1956 2515 2021 2562 re
2089 2498 2314 2564 fluxere
2381 2518 2546 2565 erro-

652 2638 787 2702 res,
828 2638 907 2687 ne
947 2620 1083 2703 quis
1114 2620 1299 2703 igitur
1351 2640 1525 2705 aegre
1569 2619 1721 2688 ferat
1740 2667 1765 2703 ‚
1822 2642 1918 2689 me
1964 2623 2029 2688 in
2074 2624 2186 2690 hac
2221 2624 2547 2708 expositio·

648 2763 729 2817 ne
743 2748 925 2829 paulo
955 2744 1341 2830 prolixiorem
1386 2767 1522 2815 esse
1572 2762 1632 2814 et
1669 2748 1744 2843 ab
1783 2749 2015 2834 origine
2061 2768 2186 2817 rem
2237 2764 2502 2835 repetere
2519 2796 2548 2835 ,

655 2874 941 2958 quoniam
994 2873 1056 2941 in
1135 2896 1209 2941 eo
1276 2876 1534 2943 multum
1583 2878 1762 2944 latere
1825 2880 2062 2945 videtur
2119 2880 2287 2960 quod
2331 2880 2407 2946 ad
2454 2879 2546 2961 ip-

650 3008 785 3068 ‘sam
849 2998 1064 3069 mortis
1124 3000 1311 3069 civilis
1384 3000 1673 3087 originem
1735 3018 1796 3068 et
1861 3006 1936 3069 ad
2003 3022 2280 3073 nostrum
2349 3024 2546 3089 usque

653 3142 893 3212 tempus
958 3123 1468 3197 continuationem
1522 3129 1928 3197 illustrandam
1974 3132 2254 3215 pertinet.

732 3254 1095 3339 Incipiamus
1166 3256 1347 3340 igitur
1418 3257 1493 3324 ab
1563 3257 1814 3341 antiquo
1886 3260 2053 3327 vocis
2113 3260 2418 3325 intellectu
2488 3271 2549 3325 et

606 3364 611 3370 ’
647 3375 800 3463 'quid
850 3356 1085 3449 Latine
1134 3385 1322 3449 valeat
1367 3374 1700 3452 videamus,

734 3504 929 3575 civile
980 3507 1142 3590 apud
1196 3524 1423 3576 veteres
1444 3556 1468 3589 ‚
1535 3524 1666 3577 tum
1725 3511 1905 3575 libera
1971 3506 2302 3590 Republica
2319 3553 2343 3589 ,
2407 3520 2541 3573 tum

640 3624 771 3695 'sub
844 3632 1242 3715 Caesaribus,
1322 3635 1538 3703 dicitur
1611 3654 1790 3701 omne
1871 3634 2017 3701 iilud
2089 3652 2215 3717 quo
2278 3628 2431 3700 civis
2503 3650 2541 3697 a

642 3752 977 3837 peregrinis
1057 3758 1464 3842 distinguitur.
1553 3762 1640 3828 Ita
1719 3760 1854 3845 Jus
1905 3760 2103 3832 Civile
2171 3762 2322 3829 illud
2368 3756 2536 3843 quod

643 3876 867 3949 directe
928 3880 1005 3947 ad
1083 3882 1377 3953 civitatem
1426 3887 1726 3975 pertinet,
1797 3891 1894 3959 vel
1992 3892 2158 3973 quod
2213 3889 2329 3957 civi
2397 3905 2542 3969 pro·
2581 3882 2591 3895 “

2341 4012 2543 4097 prium
