3000 4917
1311 345 1557 418 ·.·--··=
2309 339 2390 424 ³9

482 524 537 594 si
582 525 841 613 majores
877 517 1130 594 numero
1188 522 1303 593 sibi
1341 535 1685 610 comparare
1721 537 1932 611 posset
1949 574 1977 612 ‚
2031 529 2270 598 firmum
2322 543 2388 600 et

478 653 743 723 validum
792 652 1107 737 imperium
1128 699 1155 736 ,
1224 651 1487 720 reductis
1549 673 1849 722 armorum
1901 654 1964 724 vi
2018 655 2341 725 rebellibus
2355 703 2385 739 ‚

479 781 777 864 habebat3
826 794 889 848 at
924 781 977 848 si
1022 799 1167 847 mox
1213 779 1495 864 princeps
1537 795 1890 864 sequeretur
1926 797 2272 852 mansuetus
2319 797 2385 852 et

475 909 611 992 paci
681 909 932 977 studens
994 907 1283 974 incendiis
1358 923 1465 975 aut
1529 908 1696 975 caedi
1778 927 1906 976 non
1967 910 2336 980 consumme
2353 956 2382 995 ,

474 1053 618 1102 cum
684 1055 865 1102 causa
941 1034 1079 1102 mali
1144 1052 1272 1102 non
1336 1037 1650 1104 tolleretur
1667 1059 1697 1118 ·‚
1769 1055 1868 1117 res
1935 1038 2011 1104 ad
2061 1037 2375 1106 conditio·-

477 1161 906 1230 nem'redibant
928 1162 1263 1248 pristinam.
1322 1163 1546 1248 Neque
1561 1165 1661 1230 hic
1685 1163 1903 1259 aliquis
1925 1181 2175 1248 quaerat
2189 1215 2212 1250 ‚
2231 1166 2380 1250 quid

479 1289 600 1356 hoc
632 1287 709 1357 a'd
736 1289 1098 1362 forbannum
1140 1293 1215 1358 ad
1244 1307 1496 1359 mortem
1528 1292 1761 1358 civilem
1798 1295 2111 1376 pertineat.
2181 1294 2380 1381 Quale

474 1415 633 1486 enim
692 1417 805 1484 erit
825 1466 850 1500 ‚
924 1439 1151 1502 quaeso
1172 1468 1197 1502 ‚
1268 1419 1532 1506 justitiae
1601 1419 1943 1488 exercitium
1961 1465 1987 1502 ,
2061 1421 2168 1488 ubi
2211 1421 2382 1502 nulla

478 1557 575 1609 est
615 1543 848 1627 imperii
896 1545 991 1612 vis
1010 1593 1033 1627 ‚
1086 1547 1250 1613 nulla
1286 1541 1740 1630 magistratuum
1775 1547 2106 1614 obedientia
2138 1561 2248 1616 aut
2290 1547 2380 1614 ei·

476 1669 639 1738 vium
675 1671 996 1738 concordia
1014 1672 1046 1738 ‘3
1088 1672 1255 1760 Quid
1273 1721 1297 1754 ‚
1342 1692 1570 1756 quaeso
1588 1717 1614 1756 ‚
1640 1673 1858 1740 valebit
1893 1673 2219 1755 sententia,
2255 1693 2378 1755 qua

479 1798 679 1866 hostis
714 1799 949 1883 imperii
986 1799 1124 1882 quis
1171 1800 1500 1866 declaratur
1517 1845 1542 1882 ,
1599 1817 1789 1880 quum
1833 1799 2100 1865 diversae
2133 1799 2381 1881 provin-

478 1924 606 1992 ciae
637 1926 793 1994 inter
832 1947 899 1994 se
934 1926 1229 1994 hostiliter
1261 1939 1463 2010 agant.
1548 1927 1759 2010 Atque
1803 1926 1922 1992 hoc
1967 1925 2170 1992 fusius
2211 1943 2374 1992 nune

476 2054 875 2120 tractandum.
959 2053 1212 2120 Fer-ebat
1244 2053 1489 2137 antiqua
1538 2054 1634 2120 lex
1651 2101 1676 2135 ‚
1715 2067 1787 2122 ut
1817 2051 2070 2136 comites
2112 2053 2374 2140 collegas

478 2199 631 2246 suos
673 2181 749 2246 de
791 2178 1141 2247 forbannito
1191 2181 1420 2246 latrone
1465 2179 1776 2248 certiores·
1813 2179 2122 2262 facerent,
2185 2195 2258 2247 ut
2304 2181 2373 2246 hi

472 2305 537 2372 in
579 2326 690 2374 sua
734 2307 961 2374 ditione
992 2327 1129 2376 eum
1173 2307 1560 2389 infestarent,
1614 2327 1742 2392 quo
1777 2307 1986 2374 nullibi
2016 2321 2186 2374 tutus
2229 2325 2374 2390 pro-

475 2433 579 2500 cul
622 2453 659 2500 a
716 2439 1086 2501 caeterorum
1147 2435 1431 2502 societate
1495 2435 1679 2502 vitam
1744 2436 2068 2520 transigere
2128 2451 2378 2520 cogere·

472 2574 599 2630 tur.
685 2562 777 2642 At
822 2561 919 2627 his
980 2561 1400 2644 temporibus,
1460 2563 1686 2646 quibus
1735 2564 1924 2647 magis
1973 2583 2084 2630 sua
2125 2563 2369 2648 propria

472 2688 825 2754 auctoritate
844 2735 869 2770 ‚
910 2708 1087 2770 quam
1139 2688 1331 2772 Regis
1368 2704 1473 2758 aut
1513 2689 1780 2777 justitiae
1818 2693 2150 2774 praeceptis
2190 2691 2372 2760 duce-

472 2813 693 2882 bantur
726 2835 937 2897 parurn
990 2814 1175 2882 vicini
1202 2817 1494 2884 curabant
1512 2865 1536 2900 ,
1576 2836 1737 2902 quos
1787 2817 2043 2885 aliorum
2079 2817 2370 2884 sententia

470 2940 847 3008 damnaverat
866 2990 891 3025 ‚
942 2941 1063 3008 nisi
1119 2943 1237 3026 ipsi
1287 2943 1426 3010 inde
1474 2945 1702 3027 aliquid
1755 2944 2096 3010 detrimenti
2139 2955 2371 3009 metue·

458 3079 607 3151 ¹rent
622 3112 648 3149 ,
705 3080 887 3150 atque
928 3069 1071 3134 hinc
1133 3071 1395 3152 quisque
1459 3089 1495 3134 e
1573 3089 1684 3135 sua
1755 3069 2000 3151 regione
2067 3066 2366 3134 maleficos

470 3195 695 3278 pellere
740 3215 807 3260 ac
839 3191 988 3280 pace
1035 3196 1267 3279 privare
1284 3243 1309 3278 ,
1365 3213 1491 3261 non
1552 3209 1753 3262 tamen
1807 3195 2088 3278 exlegem·
2123 3196 2366 3296 reddere

452 3334 578 3387 ·aut
626 3322 1005 3406 proscribere
1053 3337 1335 3405 poterat;
1385 3321 1482 3386 ita·
1516 3336 1588 3387 ut
1635 3321 1912 3402 quamvis
1953 3323 2089 3406 jure
2134 3322 2197 3388 in
2237 3321 2366 3392 for-

402 3517 407 3522 ,
470 3449 735 3516 bannum
776 3448 1156 3516 mitterentur
1208 3449 1470 3514 latrones
1493 3493 1517 3528 ,
1580 3445 2206 3530 factoramenpoena
2237 3467 2364 3518 non

464 3575 585 3641 nisi
638 3573 901 3640 bannum
958 3590 1079 3640 erat
1098 3622 1121 3655 ,
1202 3575 1369 3657 quod
1424 3576 1630 3656 plures
1687 3567 2045 3673 Germaniae
2093 3577 2368 3663 regiones

472 3715 535 3765 et
580 3698 763 3765 hodie
812 3685 1181 3782 admittunt,¹
1235 3703 1510 3784 expulsio
1573 3703 1826 3787 simplex
1881 3693 2103 3773 scilicet
2151 3709 2366 3778 ultimo

442 3821 815 3896 imminente
862 3825 1163 3908 supplicio
1183 3874 1205 3910 ‚
1250 3828 1299 3900 si
1349 3828 1698 3924 delinquens
1735 3831 1956 3900 redeat.
2043 3835 2108 3901 Si
2151 3851 2296 3902 vero
2328 3851 2365 3896 a

1454 3956 1532 4024 M
1955 3952 1958 3961 “
2253 3970 2364 4017 no·
