3000 4917
1232 439 1476 498 ...Ξ
2194 444 2316 513 ¹²²⁹

416 621 568 691 sima
632 620 1079 690 consuetudine
1158 635 1346 703 quam
1410 635 1600 701 supra
1672 617 2126 701 exploravimus
2144 662 2172 704 ,
2252 622 2314 689 si

415 750 970 819 excommunicatos
992 795 1016 830 ,
1050 749 1159 832 qui
1215 746 1441 814 mortui
1491 726 1795 815 habentur
1813 793 1839 828 ,
1880 748 2144 834 excipias
2162 794 2189 832 ,
2228 766 2313 817 ne

418 881 674 948 verbum
742 879 983 963 quidem
1029 875 1302 957 habent,
1371 894 1444 943 ac
1492 874 1556 942 in
1607 876 1686 942 iis
1711 922 1737 957 ,
1789 895 1942 961 quae
2001 897 2039 944 a
2086 872 2319 946 rei-no

418 1007 749 1076 n’msstmr
802 1024 878 1073 ex
929 1004 1190 1074 Assisiis
1245 1004 1867 1090 Hierosolymitanis‚
1901 1023 2056 1088 quas
2111 1026 2325 1074 eone·

413 1154 667 1204 munus
723 1154 816 1204 m:
881 1153 1228 1204 ΒουιιιοΝ
1277 1136 1345 1202 in
1390 1153 1582 1219 regno
1633 1152 1752 1202 suo
1803 1133 2112 1214 decrevit,
2172 1153 2326 1202 con·

418 1279 585 1348 gesta
633 1280 821 1346 sunt,
871 1265 1038 1335 nulla
1088 1263 1300 1331 mortis
1349 1265 1550 1330 civilis
1614 1263 1869 1346 vestigia
1921 1262 2323 1346 reperiuntur.

415 1396 593 1474 Imo,
635 1412 791 1478 quae
861 1393 987 1460 huc
1058 1391 1342 1458 accedere
1410 1391 1697 1457 videntur
1718 1435 1745 1471 ,
1801 1392 1961 1456 ultra
2019 1389 2330 1487 saeculum

418 1524 724 1589 decimum
774 1523 1021 1587 tertium
1056 1532 1186 1585 non
1237 1520 1575 1599 recedunt,
1637 1520 1869 1602 quippe
1910 1536 2061 1601 quae
2115 1535 2152 1583 e
2177 1514 2330 1601 jure
2358 1564 2375 1580 .

421 1649 803 1735 justinianeo
854 1648 1177 1730 desumta,
1237 1661 1389 1730 post
1438 1660 1706 1728 ereptam
1766 1646 2139 1714 Christianis
2180 1644 2332 1711 Hie-

423 1777 800 1859 rosolymam
874 1793 907 1840 a
975 1775 1375 1857 compilatore
1440 1777 1676 1840 intrusa
1754 1775 2038 1859 videntur
2111 1775 2247 1858 (57
2268 1772 2333 1856 )·

421 1904 587 1973 Hinc
654 1904 931 1987 quamvis
1001 1921 1356 1969 ramerus
1397 1921 1513 1969 m:
1565 1921 2015 1968 nummi-imon
2072 1914 2331 1967 testetur

425 2033 765 2101 Palestinae
813 2031 983 2116 leges
1033 2030 1359 2099 Gallorum
1415 2030 1892 2098 consuetudines
1950 2030 2333 2113 complecti,

426 2179 642 2246 parum
711 2174 915 2227 tamen
969 2159 1092 2227 hoc
1149 2173 1339 2242 caput
1386 2158 1462 2225 iis
1516 2175 1863 2224 succurrere
1909 2172 2068 2243 puto
2088 2201 2113 2239 ,
2173 2176 2334 2240 quo-

425 2306 558 2355 rum
627 2288 692 2355 in
761 2286 965 2354 Gallia
1044 2301 1245 2387 ortum
1312 2284 1513 2353 fuisse
1578 2301 1836 2377 mortem
1904 2284 2146 2352 civilem
2214 2282 2335 2351 fert

424 2416 748 2484 sententia.
2294 2404 2300 2410 ’

509 2544 863 2624 Praeterea,
923 2556 993 2608 ut
1030 2561 1064 2608 a
1114 2539 1313 2608 Gallis
1364 2541 1511 2609 haec
1550 2542 1828 2609 doctrina
1866 2539 2330 2626 proficiscatur,

421 2675 559 2757 ipsa
610 2647 836 2757 legum⁸
876 2673 1153 2740 conditio
1218 2672 1297 2737 ad
1351 2670 1570 2737 mortis
1643 2668 2150 2753 comparationem
2215 2688 2326 2738 eos

431 2804 653 2868 ducere
684 2801 935 2881 debuit,
962 2819 1034 2866 ac
1064 2799 1347 2884 quamvis
1379 2794 1542 2866 forte
1587 2800 1830 2866 eaedem
1880 2800 2145 2866 rationes
2183 2798 2334 2866 sub·

428 2930 697 3009 sistant,
754 2945 908 3009 quae
963 2927 1129 3010 apud
1182 2927 1369 2993 Italos
1423 2940 1488 2993 et
1540 2925 1932 3006 Germanos,
1993 2942 2065 2991 ut
2117 2925 2335 2990 eremi-

428 3069 522 3121 tas
573 3073 641 3119 ac
696 3051 1035 3119 monachos
1093 3054 1327 3119 mundo
1384 3069 1666 3119 mortuos
1719 3053 2203 3131 contenderent,
2244 3066 2334 3118 ta·

425 3163 566 3249 men
656 3180 803 3246 haec
890 3179 1041 3247 ratio
1127 3196 1238 3245 eos
1310 3197 1560 3246 movere
1622 3197 1752 3244 non
1811 3180 2058 3260 potuit,
2134 3192 2204 3244 ut
2257 3180 2337 3247 ad

427 3310 814 3379 forbannitos
845 3307 1003 3372 hanc
1043 3304 1378 3390 analogiam
1419 3304 1857 3386 transferrent,
1898 3307 2130 3390 quippe
2171 3309 2324 3390 qui,

432 3454 574 3507 ante
624 3434 952 3503 restitutam
1000 3434 1424 3503 Romanorum
1474 3432 2062 3518 Jurisprudentiam,
2117 3451 2330 3518 parum

432 3565 509 3633 ab
564 3563 821 3647 antiquo
873 3576 1042 3630 statu
1094 3560 1465 3628 defluxerant
1484 3606 1510 3641 ,
1573 3579 1789 3646 nempe
1836 3579 1985 3647 pace
2019 3562 2336 3646 privaban-

426 3709 531 3761 tur
582 3708 722 3759 cum
775 3690 1081 3760 bonorum
1140 3689 1603 3758 confiscatione.

2275 3814 2336 3882 E

532 3966 693 4035 (⁵7)
737 3965 863 4023 vid.
912 3966 1125 4031 Arsin,
1174 3964 1507 4026 muosotym
1567 3964 1699 4031 Cap.
1753 3977 1867 4026 103.

1295 4073 1404 4141 Ee
1447 4095 1484 4139 2
