3000 4917
588 337 721 388 wo
1418 325 1666 388 =

690 507 933 598 Quibus
978 507 1058 574 it'a
1100 501 1393 588 expositis
1432 503 1623 573 dubio
1653 521 1788 572 non
1809 521 1970 574 caret
1990 505 2204 588 ..quin
2238 504 2504 576 bannum

608 634 919 720 Imperiale
984 633 1062 700 ad
1108 631 1357 716 effigiem
1416 632 2050 702 excommunicationis
2101 632 2290 702 fuerit
2336 651 2508 698 com-

604 761 873 848 positum
892 806 917 842 ,
965 779 1037 827 ac
1072 758 1251 828 sicuti
1294 760 1521 845 duplex
1555 773 1681 828 erat
1727 759 1959 844 gladius
1972 806 2000 844 ,
2064 761 2288 844 duplex
2329 757 2506 826 etiam

605 888 830 956 exstitit
860 885 1269 972 proscriptio,
1320 887 1499 972 cujus
1536 887 1758 970 altera,
1797 901 1870 956 ut
1899 905 2084 971 supra
2099 887 2356 954 vidimus
2374 932 2399 968 ‚
2433 905 2509 952 ex

604 1015 896 1100 spirituali
940 1029 1244 1100 potestate
1286 1029 1544 1084 mortem
1589 1014 1772 1084 animi
1801 1015 2110 1100 infligebat
2127 1059 2155 1098 ,
2205 1015 2388 1082 altera
2433 1014 2510 1080 de

610 1144 858 1240 saeculo
906 1141 1198 1210 eximebat
1213 1185 1241 1227 ,
1270 1141 1499 1230 quippe
1548 1146 1940 1228 pronunciata
1976 1141 2052 1211 ab
2082 1162 2160 1210 eo
2203 1143 2312 1224 qui
2345 1161 2514 1210 sum·

615 1287 783 1338 mum
826 1270 891 1338 in
914 1269 1231 1356 temporali
1278 1289 1461 1340 causa
1498 1270 1818 1356 imperium
1851 1269 2127 1355 tenebat3
2189 1269 2380 1337 verbo
2409 1287 2514 1356 exa

610 1395 1037 1466 communicati
1059 1395 1242 1477 vitam
1252 1398 1526 1466 amisisse
1539 1399 1938 1466 censebantur
1951 1410 2248 1464 aeternam
2265 1414 2333 1463 ac
2348 1413 2510 1462 mor·

608 1535 739 1590 tem
780 1523 1148 1609 spiritualem
1196 1524 1617 1610 patiebantur3
1648 1524 1978 1595 forbanniti
2021 1525 2089 1591 in
2139 1499 2380 1592 saeculo
2419 1522 2514 1592 vi·

614 1668 755 1718 vere
812 1651 1105 1724 doeiemnt
1123 1698 1152 1737 ,
1200 1672 1271 1720 ac
1314 1653 1596 1724 civiliter
1633 1654 1790 1739 (74)
1853 1667 2022 1722 erant
2067 1653 2334 1720 mortui.

1474 1901 1665 1980 §4-

782 2155 887 2224 De
948 2167 1148 2222 morte
1226 2153 1404 2222 civili
1488 2171 1594 2220 seu
1655 2150 1931 2218 seculare
1986 2171 2034 2219 a
2095 2169 2354 2220 ranna-

940 2299 1105 2352 mco
1153 2297 1578 2348 nnamossn
1625 2299 1818 2366 usque
1857 2277 1954 2344 ad
1979 2297 2192 2347 enno·

1114 2423 1187 2474 ιι
1238 2426 1338 2475 ιν.
1394 2405 2014 2492 Ao.·1189—1346.

702 2656 1083 2725 Praecedenti
1144 2657 1391 2740 quidem
1452 2660 1829 2744 paragrapho
1902 2656 2160 2727 vidimus
2179 2699 2206 2740 ‚
2267 2670 2522 2725 mortem

617 2784 854 2854 civilem
902 2784 979 2852 ab
1030 2782 1363 2852 imitatione
1409 2784 1596 2852 banni
1642 2784 2022 2853 ecclesiastici
2083 2784 2373 2870 originem
2421 2805 2524 2850 ce·

620 2911 833 2998 pisse,
883 2926 1017 2981 tum
1061 2911 1236 2980 etiam
1286 2910 1350 2979 in
1399 2911 1682 2996 plurimis
1727 2913 2136 2998 proscriptum
2182 2913 2320 2998 jure
2361 2931 2522 2993 suo,

627 3059 756 3124 quo
804 3042 942 3123 quis
980 3038 1046 3106 in
1086 3039 1347 3108 humana
1382 3040 1670 3109 societate
1717 3041 1968 3110 existere
2021 3039 2235 3106 dicitur
2258 3087 2282 3119 ‚
2333 3038 2523 3107 fuisse

620 3169 922 3252 privatum
946 3213 975 3251 ‚
1022 3181 1087 3235 at
1134 3165 1375 3234 defectu
1428 3169 1934 3238 documentorum
1985 3180 2260 3236 accurate
2309 3185 2380 3234 ac
2416 3165 2522 3234 ab·

2417 3311 2520 3362 so·

630 3508 678 3538 2.
710 3479 760 3530 in
824 3480 888 3531 de
948 3477 1256 3546 Koninglike
1314 3481 1470 3547 walt,
1523 3426 1612 3532 dat
1655 3479 1768 3532 Lcn
1809 3479 1882 3532 als
1923 3491 2037 3532 men
2089 3479 2278 3531 Herren
2321 3476 2510 3530 ledicb·

634 3593 685 3625 2,
716 3563 819 3613 Des
872 3563 1104 3618 verloren
1159 3564 1267 3616 sine
1328 3565 1546 3617 Klndere
1606 3563 1695 3616 dat
1750 3564 1931 3630 Egeri,
1993 3564 2079 3615 dat
2137 3577 2193 3615 se
2237 3564 2280 3616 it
2324 3575 2382 3615 ut
2425 3563 2516 3612 der

634 3675 683 3708 „
714 3641 1053 3708 Koningllken
1096 3647 1218 3699 walt
1254 3647 1395 3700 nicht
1435 3661 1499 3698 ne
1545 3658 1696 3714 togen
1733 3648 1918 3699 binnen
1957 3651 2073 3715 Jare
2103 3647 2235 3700 unde
2266 3645 2480 3713 Euge-’⁹

727 3736 754 3792 t
776 3732 883 3796 7⁴)
926 3733 1011 3786 ef.
1055 3747 1184 3796 quae
1228 3735 1292 3784 de
1343 3733 1603 3790 intellectu
1643 3731 1788 3790 vocis
1834 3734 2015 3790 civilis
2062 3733 2116 3788 in
2162 3731 2319 3798 prima
2375 3739 2516 3799 parte

638 3811 787 3881 hujus
828 3812 1188 3870 dissertationis
1232 3815 1466 3884 exposui.
