<?xml version="1.0" encoding="UTF-8"?>
<!DOCTYPE html PUBLIC "-//W3C//DTD XHTML 1.0 Transitional//EN"
    "http://www.w3.org/TR/xhtml1/DTD/xhtml1-transitional.dtd">
<html xmlns="http://www.w3.org/1999/xhtml" xml:lang="en" lang="en">
 <head>
  <title>
</title>
<meta http-equiv="Content-Type" content="text/html;charset=utf-8" />
  <meta name='ocr-system' content='tesseract 3.04.00' />
  <meta name='ocr-capabilities' content='ocr_page ocr_carea ocr_par ocr_line ocrx_word'/>
</head>
<body>
  <div class='ocr_page' id='page_1' title='image "./demortecivili00unkngoog_0249.png"; bbox 0 0 3000 4917; ppageno 0'>
   <div class='ocr_carea' id='block_1_1' title="bbox 1290 384 2382 459">
    <p class='ocr_par' dir='ltr' id='par_1_1' title="bbox 1290 384 2382 459">
     <span class='ocr_line' id='line_1_1' title="bbox 1290 384 2382 459; baseline -0.008 -11"><span class='ocrx_word' id='word_1_1' title='bbox 1290 384 1538 449; x_wconf 70' lang='lat'>=</span> <span class='ocrx_word' id='word_1_2' title='bbox 2252 388 2382 459; x_wconf 70' lang='lat'><strong>233</strong></span> 
     </span>
    </p>
   </div>
   <div class='ocr_carea' id='block_1_2' title="bbox 474 548 2402 4093">
    <p class='ocr_par' dir='ltr' id='par_1_2' title="bbox 474 548 2383 897">
     <span class='ocr_line' id='line_1_2' title="bbox 474 548 2371 655; baseline -0.004 -15"><span class='ocrx_word' id='word_1_3' title='bbox 474 584 679 642; x_wconf 75' lang='lat' dir='ltr'><strong>carent</strong></span> <span class='ocrx_word' id='word_1_4' title='bbox 696 614 723 654; x_wconf 88' lang='lat'>‚</span> <span class='ocrx_word' id='word_1_5' title='bbox 770 589 841 640; x_wconf 79' lang='lat' dir='ltr'><strong>ac</strong></span> <span class='ocrx_word' id='word_1_6' title='bbox 879 570 1265 655; x_wconf 67' lang='lat' dir='ltr'>quaestiones</span> <span class='ocrx_word' id='word_1_7' title='bbox 1299 585 1379 636; x_wconf 81' lang='lat' dir='ltr'><strong>ex</strong></span> <span class='ocrx_word' id='word_1_8' title='bbox 1423 570 1841 652; x_wconf 78' lang='lat' dir='ltr'><strong>testamentis,</strong></span> <span class='ocrx_word' id='word_1_9' title='bbox 1874 548 2371 650; x_wconf 69' lang='lat' dir='ltr'><strong>donationibus,</strong></span> 
     </span>
     <span class='ocr_line' id='line_1_3' title="bbox 476 696 2383 783; baseline -0.003 -16"><span class='ocrx_word' id='word_1_10' title='bbox 476 700 950 781; x_wconf 66' lang='lat' dir='ltr'><strong>contractibus,</strong></span> <span class='ocrx_word' id='word_1_11' title='bbox 1026 699 1405 783; x_wconf 80' lang='lat' dir='ltr'><strong>caeterisque</strong></span> <span class='ocrx_word' id='word_1_12' title='bbox 1473 698 1763 765; x_wconf 81' lang='lat' dir='ltr'><strong>oriundas</strong></span> <span class='ocrx_word' id='word_1_13' title='bbox 1785 742 1811 782; x_wconf 87' lang='lat'><strong>,</strong></span> <span class='ocrx_word' id='word_1_14' title='bbox 1886 717 1965 766; x_wconf 77' lang='lat' dir='ltr'><strong>ex</strong></span> <span class='ocrx_word' id='word_1_15' title='bbox 2031 700 2135 767; x_wconf 79' lang='lat' dir='ltr'><strong>ilia</strong></span> <span class='ocrx_word' id='word_1_16' title='bbox 2203 696 2383 766; x_wconf 84' lang='lat' dir='ltr'><strong>fonte</strong></span> 
     </span>
     <span class='ocr_line' id='line_1_4' title="bbox 477 824 1891 897; baseline 0.001 -2"><span class='ocrx_word' id='word_1_17' title='bbox 477 824 875 895; x_wconf 70' lang='lat' dir='ltr'><strong>dirimerent?</strong></span> <span class='ocrx_word' id='word_1_18' title='bbox 1884 890 1891 897; x_wconf 83' lang='lat'><strong>.</strong></span> 
     </span>
    </p>

    <p class='ocr_par' dir='ltr' id='par_1_3' title="bbox 479 946 2395 3435">
     <span class='ocr_line' id='line_1_5' title="bbox 479 946 2371 1034; baseline 0.001 -18"><span class='ocrx_word' id='word_1_19' title='bbox 479 994 486 1003; x_wconf 82' lang='lat'>-</span> <span class='ocrx_word' id='word_1_20' title='bbox 560 951 815 1030; x_wconf 82' lang='lat' dir='ltr'><strong>Multa,</strong></span> <span class='ocrx_word' id='word_1_21' title='bbox 888 965 1076 1032; x_wconf 74' lang='lat' dir='ltr'><strong>enque</strong></span> <span class='ocrx_word' id='word_1_22' title='bbox 1136 951 1376 1033; x_wconf 77' lang='lat' dir='ltr'><strong>egregia</strong></span> <span class='ocrx_word' id='word_1_23' title='bbox 1428 966 1464 1015; x_wconf 86' lang='lat' dir='ltr'><strong>a</strong></span> <span class='ocrx_word' id='word_1_24' title='bbox 1521 946 1722 1016; x_wconf 67' lang='lat' dir='ltr'><strong>Gallis</strong></span> <span class='ocrx_word' id='word_1_25' title='bbox 1784 966 1818 1012; x_wconf 87' lang='lat' dir='ltr'><strong>e</strong></span> <span class='ocrx_word' id='word_1_26' title='bbox 1881 946 2030 1034; x_wconf 82' lang='lat' dir='ltr'><strong>Jure</strong></span> <span class='ocrx_word' id='word_1_27' title='bbox 2083 947 2371 1018; x_wconf 79' lang='lat' dir='ltr'><strong>Romano</strong></span> 
     </span>
     <span class='ocr_line' id='line_1_6' title="bbox 479 1072 2381 1161; baseline 0.001 -18"><span class='ocrx_word' id='word_1_28' title='bbox 479 1091 722 1160; x_wconf 76' lang='lat' dir='ltr'><strong>recepta</strong></span> <span class='ocrx_word' id='word_1_29' title='bbox 787 1072 983 1147; x_wconf 73' lang='lat' dir='ltr'><strong>fuisse</strong></span> <span class='ocrx_word' id='word_1_30' title='bbox 1055 1074 1340 1161; x_wconf 73' lang='lat' dir='ltr'><strong>ingenue</strong></span> <span class='ocrx_word' id='word_1_31' title='bbox 1382 1074 1581 1145; x_wconf 75' lang='lat' dir='ltr'><strong>fateor</strong></span> <span class='ocrx_word' id='word_1_32' title='bbox 1604 1118 1631 1156; x_wconf 89' lang='lat'>‚</span> <span class='ocrx_word' id='word_1_33' title='bbox 1691 1089 1754 1142; x_wconf 87' lang='lat' dir='ltr'><strong>at</strong></span> <span class='ocrx_word' id='word_1_34' title='bbox 1806 1094 1934 1144; x_wconf 92' lang='lat' dir='ltr'><strong>non</strong></span> <span class='ocrx_word' id='word_1_35' title='bbox 2014 1078 2229 1144; x_wconf 82' lang='lat' dir='ltr'>exinde</span> <span class='ocrx_word' id='word_1_36' title='bbox 2280 1097 2381 1145; x_wconf 88' lang='lat' dir='ltr'><strong>se·</strong></span> 
     </span>
     <span class='ocr_line' id='line_1_7' title="bbox 480 1202 2376 1288; baseline 0.003 -20"><span class='ocrx_word' id='word_1_37' title='bbox 480 1206 693 1287; x_wconf 84' lang='lat' dir='ltr'><strong>quitur</strong></span> <span class='ocrx_word' id='word_1_38' title='bbox 734 1205 941 1271; x_wconf 72' lang='lat' dir='ltr'><strong>omnia</strong></span> <span class='ocrx_word' id='word_1_39' title='bbox 1000 1203 1142 1286; x_wconf 80' lang='lat' dir='ltr'><strong>illa,-</strong></span> <span class='ocrx_word' id='word_1_40' title='bbox 1187 1222 1342 1287; x_wconf 81' lang='lat' dir='ltr'><strong>quae</strong></span> <span class='ocrx_word' id='word_1_41' title='bbox 1396 1203 1544 1288; x_wconf 85' lang='lat' dir='ltr'><strong>Jure</strong></span> <span class='ocrx_word' id='word_1_42' title='bbox 1608 1202 1895 1271; x_wconf 83' lang='lat' dir='ltr'><strong>Romano</strong></span> <span class='ocrx_word' id='word_1_43' title='bbox 1954 1204 2376 1280; x_wconf 69' lang='lat' dir='ltr'><strong>‚continentur</strong></span> 
     </span>
     <span class='ocr_line' id='line_1_8' title="bbox 481 1326 2377 1433; baseline 0.002 -37"><span class='ocrx_word' id='word_1_44' title='bbox 481 1326 758 1398; x_wconf 72' lang='lat' dir='ltr'><strong>Galliae</strong></span> <span class='ocrx_word' id='word_1_45' title='bbox 801 1332 1253 1433; x_wconf 80' lang='lat' dir='ltr'><strong>accommodari</strong></span> <span class='ocrx_word' id='word_1_46' title='bbox 1340 1332 1644 1415; x_wconf 80' lang='lat' dir='ltr'><strong>potuisse.</strong></span> <span class='ocrx_word' id='word_1_47' title='bbox 1759 1329 1953 1406; x_wconf 78' lang='lat' dir='ltr'><strong>Ratio,</strong></span> <span class='ocrx_word' id='word_1_48' title='bbox 2025 1345 2228 1400; x_wconf 84' lang='lat' dir='ltr'><strong>autem</strong></span> <span class='ocrx_word' id='word_1_49' title='bbox 2313 1332 2377 1399; x_wconf 88' lang='lat' dir='ltr'><strong>in</strong></span> 
     </span>
     <span class='ocr_line' id='line_1_9' title="bbox 480 1457 2388 1543; baseline 0.002 -19"><span class='ocrx_word' id='word_1_50' title='bbox 480 1474 732 1543; x_wconf 78' lang='lat' dir='ltr'><strong>promtu</strong></span> <span class='ocrx_word' id='word_1_51' title='bbox 812 1474 933 1526; x_wconf 84' lang='lat' dir='ltr'><strong>est.</strong></span> <span class='ocrx_word' id='word_1_52' title='bbox 1054 1458 1306 1525; x_wconf 78' lang='lat' dir='ltr'><strong>Publica</strong></span> <span class='ocrx_word' id='word_1_53' title='bbox 1387 1458 1657 1542; x_wconf 74' lang='lat' dir='ltr'><strong>regionis</strong></span> <span class='ocrx_word' id='word_1_54' title='bbox 1728 1457 1998 1525; x_wconf 85' lang='lat' dir='ltr'><strong>conditio</strong></span> <span class='ocrx_word' id='word_1_55' title='bbox 2099 1459 2388 1527; x_wconf 78' lang='lat' dir='ltr'><strong>restituta·</strong></span> 
     </span>
     <span class='ocr_line' id='line_1_10' title="bbox 481 1584 2380 1672; baseline 0.001 -20"><span class='ocrx_word' id='word_1_56' title='bbox 481 1584 899 1653; x_wconf 85' lang='lat' dir='ltr'><strong>Romanorum</strong></span> <span class='ocrx_word' id='word_1_57' title='bbox 964 1586 1440 1672; x_wconf 79' lang='lat' dir='ltr'><strong>jurisprudentia</strong></span> <span class='ocrx_word' id='word_1_58' title='bbox 1524 1587 1837 1670; x_wconf 78' lang='lat' dir='ltr'>antiquior</span> <span class='ocrx_word' id='word_1_59' title='bbox 1911 1604 2049 1669; x_wconf 85' lang='lat' dir='ltr'><strong>est,</strong></span> <span class='ocrx_word' id='word_1_60' title='bbox 2125 1587 2380 1669; x_wconf 72' lang='lat' dir='ltr'><strong>proinde</strong></span> 
     </span>
     <span class='ocr_line' id='line_1_11' title="bbox 480 1712 2386 1797; baseline 0.002 -19"><span class='ocrx_word' id='word_1_61' title='bbox 480 1713 660 1778; x_wconf 79' lang='lat' dir='ltr'><strong>etiam</strong></span> <span class='ocrx_word' id='word_1_62' title='bbox 731 1713 794 1778; x_wconf 90' lang='lat' dir='ltr'><strong>in</strong></span> <span class='ocrx_word' id='word_1_63' title='bbox 837 1712 993 1797; x_wconf 78' lang='lat' dir='ltr'><strong>iuris</strong></span> <span class='ocrx_word' id='word_1_64' title='bbox 1046 1712 1267 1797; x_wconf 78' lang='lat' dir='ltr'><strong>scripti</strong></span> <span class='ocrx_word' id='word_1_65' title='bbox 1339 1715 1680 1796; x_wconf 76' lang='lat' dir='ltr'><strong>provinciis</strong></span> <span class='ocrx_word' id='word_1_66' title='bbox 1708 1760 1734 1795; x_wconf 90' lang='lat'>‚</span> <span class='ocrx_word' id='word_1_67' title='bbox 1793 1731 1920 1781; x_wconf 91' lang='lat' dir='ltr'><strong>non</strong></span> <span class='ocrx_word' id='word_1_68' title='bbox 1997 1715 2231 1797; x_wconf 68' lang='lat' dir='ltr'><strong>integra</strong></span> <span class='ocrx_word' id='word_1_69' title='bbox 2288 1732 2386 1782; x_wconf 80' lang='lat' dir='ltr'><strong>re·</strong></span> 
     </span>
     <span class='ocr_line' id='line_1_12' title="bbox 491 1839 2389 1943; baseline 0.002 -36"><span class='ocrx_word' id='word_1_70' title='bbox 491 1841 620 1924; x_wconf 88' lang='lat' dir='ltr'><strong>eipi</strong></span> <span class='ocrx_word' id='word_1_71' title='bbox 670 1841 918 1924; x_wconf 88' lang='lat' dir='ltr'><strong>potuit,</strong></span> <span class='ocrx_word' id='word_1_72' title='bbox 959 1839 1070 1909; x_wconf 90' lang='lat' dir='ltr'><strong>sed</strong></span> <span class='ocrx_word' id='word_1_73' title='bbox 1123 1854 1374 1907; x_wconf 82' lang='lat' dir='ltr'><strong>eatenus</strong></span> <span class='ocrx_word' id='word_1_74' title='bbox 1424 1841 1862 1926; x_wconf 85' lang='lat' dir='ltr'><strong>solummodo,</strong></span> <span class='ocrx_word' id='word_1_75' title='bbox 1903 1857 2207 1943; x_wconf 79' lang='lat' dir='ltr'><strong>quatenus</strong></span> <span class='ocrx_word' id='word_1_76' title='bbox 2256 1861 2389 1910; x_wconf 90' lang='lat' dir='ltr'><strong>mo-</strong></span> 
     </span>
     <span class='ocr_line' id='line_1_13' title="bbox 488 1942 2385 2053; baseline 0.002 -19"><span class='ocrx_word' id='word_1_77' title='bbox 488 1968 657 2035; x_wconf 77' lang='lat' dir='ltr'><strong>ribus</strong></span> <span class='ocrx_word' id='word_1_78' title='bbox 703 1974 951 2053; x_wconf 75' lang='lat' dir='ltr'><strong>gentis,</strong></span> <span class='ocrx_word' id='word_1_79' title='bbox 991 1969 1526 2046; x_wconf 79' lang='lat' dir='ltr'><strong>institutionibus,</strong></span> <span class='ocrx_word' id='word_1_80' title='bbox 1576 1942 1649 2036; x_wconf 79' lang='lat' dir='ltr'><strong>ae</strong></span> <span class='ocrx_word' id='word_1_81' title='bbox 1684 1968 1920 2036; x_wconf 86' lang='lat' dir='ltr'><strong>formae</strong></span> <span class='ocrx_word' id='word_1_82' title='bbox 1957 1968 2192 2053; x_wconf 85' lang='lat' dir='ltr'><strong>imperii</strong></span> <span class='ocrx_word' id='word_1_83' title='bbox 2235 1987 2385 2037; x_wconf 87' lang='lat' dir='ltr'><strong>con·</strong></span> 
     </span>
     <span class='ocr_line' id='line_1_14' title="bbox 489 2094 2385 2184; baseline 0.001 -22"><span class='ocrx_word' id='word_1_84' title='bbox 489 2098 748 2165; x_wconf 82' lang='lat' dir='ltr'><strong>veniret.</strong></span> <span class='ocrx_word' id='word_1_85' title='bbox 833 2097 940 2165; x_wconf 76' lang='lat' dir='ltr'><strong>Sic</strong></span> <span class='ocrx_word' id='word_1_86' title='bbox 1011 2117 1079 2165; x_wconf 87' lang='lat' dir='ltr'><strong>v.</strong></span> <span class='ocrx_word' id='word_1_87' title='bbox 1125 2116 1189 2181; x_wconf 84' lang='lat' dir='ltr'><strong>g.</strong></span> <span class='ocrx_word' id='word_1_88' title='bbox 1234 2094 1630 2184; x_wconf 84' lang='lat' dir='ltr'><strong>Legitimatio</strong></span> <span class='ocrx_word' id='word_1_89' title='bbox 1681 2116 1759 2165; x_wconf 81' lang='lat' dir='ltr'><strong>ex</strong></span> <span class='ocrx_word' id='word_1_90' title='bbox 1803 2095 2239 2181; x_wconf 80' lang='lat' dir='ltr'><strong>Imperatorum</strong></span> <span class='ocrx_word' id='word_1_91' title='bbox 2295 2117 2385 2164; x_wconf 81' lang='lat' dir='ltr'><strong>re-</strong></span> 
     </span>
     <span class='ocr_line' id='line_1_15' title="bbox 486 2224 2385 2309; baseline -0.001 -17"><span class='ocrx_word' id='word_1_92' title='bbox 486 2224 737 2307; x_wconf 80' lang='lat' dir='ltr'><strong>scriptis</strong></span> <span class='ocrx_word' id='word_1_93' title='bbox 785 2225 951 2292; x_wconf 83' lang='lat' dir='ltr'><strong>haud</strong></span> <span class='ocrx_word' id='word_1_94' title='bbox 993 2242 1205 2308; x_wconf 80' lang='lat' dir='ltr'><strong>parum</strong></span> <span class='ocrx_word' id='word_1_95' title='bbox 1251 2224 1426 2292; x_wconf 88' lang='lat' dir='ltr'><strong>lucis·</strong></span> <span class='ocrx_word' id='word_1_96' title='bbox 1464 2226 1747 2309; x_wconf 82' lang='lat' dir='ltr'><strong>accepit,</strong></span> <span class='ocrx_word' id='word_1_97' title='bbox 1806 2244 1882 2294; x_wconf 83' lang='lat' dir='ltr'><strong>ac</strong></span> <span class='ocrx_word' id='word_1_98' title='bbox 1929 2228 2006 2293; x_wconf 87' lang='lat' dir='ltr'><strong>de</strong></span> <span class='ocrx_word' id='word_1_99' title='bbox 2062 2224 2184 2293; x_wconf 86' lang='lat' dir='ltr'><strong>hoe</strong></span> <span class='ocrx_word' id='word_1_100' title='bbox 2239 2239 2385 2293; x_wconf 82' lang='lat' dir='ltr'><strong>actu</strong></span> 
     </span>
     <span class='ocr_line' id='line_1_16' title="bbox 489 2352 2390 2438; baseline 0 -20"><span class='ocrx_word' id='word_1_101' title='bbox 489 2353 718 2419; x_wconf 79' lang='lat' dir='ltr'><strong>multoe</strong></span> <span class='ocrx_word' id='word_1_102' title='bbox 781 2356 1172 2438; x_wconf 71' lang='lat' dir='ltr'><strong>quaestiones</strong></span> <span class='ocrx_word' id='word_1_103' title='bbox 1239 2352 1578 2423; x_wconf 81' lang='lat' dir='ltr'><strong>seeundum</strong></span> <span class='ocrx_word' id='word_1_104' title='bbox 1653 2352 1820 2419; x_wconf 80' lang='lat' dir='ltr'><strong>iilius</strong></span> <span class='ocrx_word' id='word_1_105' title='bbox 1883 2353 2186 2436; x_wconf 80' lang='lat' dir='ltr'><strong>principia</strong></span> <span class='ocrx_word' id='word_1_106' title='bbox 2257 2353 2390 2436; x_wconf 74' lang='lat' dir='ltr'><strong>agi-</strong></span> 
     </span>
     <span class='ocr_line' id='line_1_17' title="bbox 489 2477 2389 2583; baseline 0 -37"><span class='ocrx_word' id='word_1_107' title='bbox 489 2494 648 2547; x_wconf 83' lang='lat' dir='ltr'><strong>tatae</strong></span> <span class='ocrx_word' id='word_1_108' title='bbox 703 2477 914 2548; x_wconf 74' lang='lat' dir='ltr'><strong>fueret</strong></span> <span class='ocrx_word' id='word_1_109' title='bbox 972 2499 1052 2547; x_wconf 80' lang='lat' dir='ltr'><strong>an</strong></span> <span class='ocrx_word' id='word_1_110' title='bbox 1115 2498 1262 2548; x_wconf 81' lang='lat' dir='ltr'><strong>vero</strong></span> <span class='ocrx_word' id='word_1_111' title='bbox 1315 2498 1601 2583; x_wconf 24' lang='lat' dir='ltr'><strong>‘unquam</strong></span> <span class='ocrx_word' id='word_1_112' title='bbox 1643 2495 1792 2563; x_wconf 82' lang='lat' dir='ltr'><strong>post</strong></span> <span class='ocrx_word' id='word_1_113' title='bbox 1853 2480 2156 2562; x_wconf 82' lang='lat' dir='ltr'><strong>dispersas</strong></span> <span class='ocrx_word' id='word_1_114' title='bbox 2206 2480 2389 2547; x_wconf 88' lang='lat' dir='ltr'><strong>medii</strong></span> 
     </span>
     <span class='ocr_line' id='line_1_18' title="bbox 487 2605 2388 2713; baseline -0.001 -37"><span class='ocrx_word' id='word_1_115' title='bbox 487 2608 646 2677; x_wconf 73' lang='lat' dir='ltr'><strong>nevil</strong></span> <span class='ocrx_word' id='word_1_116' title='bbox 692 2608 965 2676; x_wconf 85' lang='lat' dir='ltr'><strong>tenebras</strong></span> <span class='ocrx_word' id='word_1_117' title='bbox 1030 2607 1165 2713; x_wconf 59' lang='lat' dir='ltr'><strong>vito</strong></span> <span class='ocrx_word' id='word_1_118' title='bbox 1223 2607 1485 2690; x_wconf 87' lang='lat' dir='ltr'><strong>sapienti</strong></span> <span class='ocrx_word' id='word_1_119' title='bbox 1549 2606 1609 2674; x_wconf 91' lang='lat' dir='ltr'><strong>in</strong></span> <span class='ocrx_word' id='word_1_120' title='bbox 1681 2620 1945 2673; x_wconf 90' lang='lat' dir='ltr'><strong>mentem</strong></span> <span class='ocrx_word' id='word_1_121' title='bbox 2004 2605 2172 2674; x_wconf 84' lang='lat' dir='ltr'><strong>venit</strong></span> <span class='ocrx_word' id='word_1_122' title='bbox 2242 2608 2388 2674; x_wconf 86' lang='lat' dir='ltr'><strong>libe-</strong></span> 
     </span>
     <span class='ocr_line' id='line_1_19' title="bbox 487 2735 2390 2821; baseline -0.001 -18"><span class='ocrx_word' id='word_1_123' title='bbox 487 2754 592 2803; x_wconf 83' lang='lat' dir='ltr'><strong>ros</strong></span> <span class='ocrx_word' id='word_1_124' title='bbox 645 2752 800 2805; x_wconf 84' lang='lat' dir='ltr'><strong>suos</strong></span> <span class='ocrx_word' id='word_1_125' title='bbox 855 2753 967 2820; x_wconf 87' lang='lat' dir='ltr'><strong>per</strong></span> <span class='ocrx_word' id='word_1_126' title='bbox 1040 2735 1411 2803; x_wconf 81' lang='lat' dir='ltr'><strong>oblationem</strong></span> <span class='ocrx_word' id='word_1_127' title='bbox 1463 2736 1668 2802; x_wconf 81' lang='lat' dir='ltr'><strong>curiae</strong></span> <span class='ocrx_word' id='word_1_128' title='bbox 1732 2736 2118 2821; x_wconf 82' lang='lat' dir='ltr'><strong>legitimare3</strong></span> <span class='ocrx_word' id='word_1_129' title='bbox 2162 2752 2390 2820; x_wconf 84' lang='lat' dir='ltr'><strong>sponte</strong></span> 
     </span>
     <span class='ocr_line' id='line_1_20' title="bbox 493 2860 2388 2947; baseline -0.002 -18"><span class='ocrx_word' id='word_1_130' title='bbox 493 2860 651 2929; x_wconf 84' lang='lat' dir='ltr'><strong>enim</strong></span> <span class='ocrx_word' id='word_1_131' title='bbox 720 2863 1006 2946; x_wconf 82' lang='lat' dir='ltr'><strong>intelligit</strong></span> <span class='ocrx_word' id='word_1_132' title='bbox 1066 2864 1191 2932; x_wconf 86' lang='lat' dir='ltr'><strong>hoe</strong></span> <span class='ocrx_word' id='word_1_133' title='bbox 1268 2861 1397 2929; x_wconf 85' lang='lat' dir='ltr'><strong>fieti</strong></span> <span class='ocrx_word' id='word_1_134' title='bbox 1466 2883 1597 2930; x_wconf 88' lang='lat' dir='ltr'><strong>non</strong></span> <span class='ocrx_word' id='word_1_135' title='bbox 1665 2882 1893 2947; x_wconf 87' lang='lat' dir='ltr'><strong>posse,</strong></span> <span class='ocrx_word' id='word_1_136' title='bbox 1950 2866 2096 2945; x_wconf 89' lang='lat' dir='ltr'><strong>quia</strong></span> <span class='ocrx_word' id='word_1_137' title='bbox 2164 2879 2388 2926; x_wconf 88' lang='lat' dir='ltr'><strong>munus</strong></span> 
     </span>
     <span class='ocr_line' id='line_1_21' title="bbox 489 2986 2392 3070; baseline -0.001 -16"><span class='ocrx_word' id='word_1_138' title='bbox 489 3005 567 3054; x_wconf 76' lang='lat' dir='ltr'><strong>ac</strong></span> <span class='ocrx_word' id='word_1_139' title='bbox 634 2986 946 3070; x_wconf 82' lang='lat' dir='ltr'><strong>privilegia</strong></span> <span class='ocrx_word' id='word_1_140' title='bbox 1014 2986 1435 3053; x_wconf 85' lang='lat' dir='ltr'><strong>Decurionum</strong></span> <span class='ocrx_word' id='word_1_141' title='bbox 1535 2989 1705 3069; x_wconf 81' lang='lat' dir='ltr'><strong>genti</strong></span> <span class='ocrx_word' id='word_1_142' title='bbox 1800 3004 1949 3052; x_wconf 84' lang='lat' dir='ltr'><strong>suae</strong></span> <span class='ocrx_word' id='word_1_143' title='bbox 2038 2988 2392 3068; x_wconf 85' lang='lat' dir='ltr'><strong>incognita,</strong></span> 
     </span>
     <span class='ocr_line' id='line_1_22' title="bbox 493 3109 2389 3201; baseline -0.001 -21"><span class='ocrx_word' id='word_1_144' title='bbox 493 3130 601 3180; x_wconf 71' lang='lat' dir='ltr'><strong>aut</strong></span> <span class='ocrx_word' id='word_1_145' title='bbox 653 3113 869 3201; x_wconf 84' lang='lat' dir='ltr'><strong>potius</strong></span> <span class='ocrx_word' id='word_1_146' title='bbox 929 3130 1059 3179; x_wconf 91' lang='lat' dir='ltr'><strong>non</strong></span> <span class='ocrx_word' id='word_1_147' title='bbox 1131 3126 1400 3194; x_wconf 75' lang='lat' dir='ltr'><strong>recepta.</strong></span> <span class='ocrx_word' id='word_1_148' title='bbox 1480 3109 1637 3178; x_wconf 91' lang='lat' dir='ltr'><strong>Non</strong></span> <span class='ocrx_word' id='word_1_149' title='bbox 1700 3110 1886 3194; x_wconf 82' lang='lat' dir='ltr'><strong>igitur</strong></span> <span class='ocrx_word' id='word_1_150' title='bbox 1934 3111 2166 3178; x_wconf 83' lang='lat' dir='ltr'><strong>meritis</strong></span> <span class='ocrx_word' id='word_1_151' title='bbox 2220 3112 2389 3196; x_wconf 85' lang='lat' dir='ltr'><strong>Juris</strong></span> 
     </span>
     <span class='ocr_line' id='line_1_23' title="bbox 498 3236 2395 3325; baseline -0.002 -18"><span class='ocrx_word' id='word_1_152' title='bbox 498 3240 767 3308; x_wconf 78' lang='lat' dir='ltr'><strong>Romani</strong></span> <span class='ocrx_word' id='word_1_153' title='bbox 802 3239 1134 3325; x_wconf 79' lang='lat' dir='ltr'><strong>quidquam</strong></span> <span class='ocrx_word' id='word_1_154' title='bbox 1176 3238 1429 3305; x_wconf 77' lang='lat' dir='ltr'><strong>detraho</strong></span> <span class='ocrx_word' id='word_1_155' title='bbox 1448 3282 1473 3319; x_wconf 85' lang='lat'><strong>‚</strong></span> <span class='ocrx_word' id='word_1_156' title='bbox 1519 3238 1575 3303; x_wconf 86' lang='lat' dir='ltr'><strong>si</strong></span> <span class='ocrx_word' id='word_1_157' title='bbox 1621 3255 1657 3304; x_wconf 83' lang='lat' dir='ltr'><strong>e</strong></span> <span class='ocrx_word' id='word_1_158' title='bbox 1686 3236 1968 3320; x_wconf 81' lang='lat' dir='ltr'><strong>Corpore</strong></span> <span class='ocrx_word' id='word_1_159' title='bbox 2009 3237 2177 3322; x_wconf 82' lang='lat' dir='ltr'><strong>Jutis</strong></span> <span class='ocrx_word' id='word_1_160' title='bbox 2213 3256 2395 3320; x_wconf 85' lang='lat' dir='ltr'><strong>quae·</strong></span> 
     </span>
     <span class='ocr_line' id='line_1_24' title="bbox 499 3365 1821 3435; baseline -0.002 -1"><span class='ocrx_word' id='word_1_161' title='bbox 499 3369 637 3435; x_wconf 81' lang='lat' dir='ltr'><strong>dam</strong></span> <span class='ocrx_word' id='word_1_162' title='bbox 709 3367 1042 3434; x_wconf 81' lang='lat' dir='ltr'><strong>omittenda</strong></span> <span class='ocrx_word' id='word_1_163' title='bbox 1103 3385 1240 3433; x_wconf 86' lang='lat' dir='ltr'><strong>esse</strong></span> <span class='ocrx_word' id='word_1_164' title='bbox 1311 3365 1701 3433; x_wconf 81' lang='lat' dir='ltr'><strong>contendam.</strong></span> <span class='ocrx_word' id='word_1_165' title='bbox 1816 3400 1821 3405; x_wconf 92' lang='lat'>·</span> 
     </span>
    </p>

    <p class='ocr_par' dir='ltr' id='par_1_4' title="bbox 483 3495 2402 4093">
     <span class='ocr_line' id='line_1_25' title="bbox 483 3495 2396 3581; baseline 0.001 -19"><span class='ocrx_word' id='word_1_166' title='bbox 483 3544 490 3555; x_wconf 88' lang='lat'><em>.</em></span> <span class='ocrx_word' id='word_1_167' title='bbox 575 3495 961 3563; x_wconf 80' lang='lat' dir='ltr'><strong>veniendum</strong></span> <span class='ocrx_word' id='word_1_168' title='bbox 1043 3495 1233 3580; x_wconf 86' lang='lat' dir='ltr'><strong>igitur</strong></span> <span class='ocrx_word' id='word_1_169' title='bbox 1313 3497 1391 3562; x_wconf 83' lang='lat' dir='ltr'><strong>ad</strong></span> <span class='ocrx_word' id='word_1_170' title='bbox 1453 3496 1872 3578; x_wconf 80' lang='lat' dir='ltr'><strong>quaestionem</strong></span> <span class='ocrx_word' id='word_1_171' title='bbox 1944 3515 2024 3562; x_wconf 86' lang='lat' dir='ltr'><strong>an</strong></span> <span class='ocrx_word' id='word_1_172' title='bbox 2102 3514 2178 3563; x_wconf 89' lang='lat' dir='ltr'><strong>eo</strong></span> <span class='ocrx_word' id='word_1_173' title='bbox 2258 3517 2396 3581; x_wconf 86' lang='lat' dir='ltr'><strong>pet·</strong></span> 
     </span>
     <span class='ocr_line' id='line_1_26' title="bbox 494 3623 2396 3709; baseline 0.001 -20"><span class='ocrx_word' id='word_1_174' title='bbox 494 3623 687 3690; x_wconf 71' lang='lat' dir='ltr'><strong>tinent</strong></span> <span class='ocrx_word' id='word_1_175' title='bbox 739 3625 844 3709; x_wconf 82' lang='lat' dir='ltr'><strong>jus</strong></span> <span class='ocrx_word' id='word_1_176' title='bbox 914 3623 1183 3692; x_wconf 71' lang='lat' dir='ltr'><strong>civitatis</strong></span> <span class='ocrx_word' id='word_1_177' title='bbox 1261 3623 1683 3691; x_wconf 85' lang='lat' dir='ltr'><strong>Romanorum</strong></span> <span class='ocrx_word' id='word_1_178' title='bbox 1707 3670 1732 3706; x_wconf 92' lang='lat'>‚</span> <span class='ocrx_word' id='word_1_179' title='bbox 1795 3636 1868 3689; x_wconf 92' lang='lat' dir='ltr'><strong>ut</strong></span> <span class='ocrx_word' id='word_1_180' title='bbox 1944 3626 2212 3693; x_wconf 82' lang='lat' dir='ltr'><strong>rationes</strong></span> <span class='ocrx_word' id='word_1_181' title='bbox 2293 3645 2396 3693; x_wconf 84' lang='lat' dir='ltr'><strong>os-</strong></span> 
     </span>
     <span class='ocr_line' id='line_1_27' title="bbox 496 3730 2398 3840; baseline 0.001 -22"><span class='ocrx_word' id='word_1_182' title='bbox 496 3753 734 3819; x_wconf 82' lang='lat' dir='ltr'><strong>tendam</strong></span> <span class='ocrx_word' id='word_1_183' title='bbox 758 3795 787 3834; x_wconf 86' lang='lat'><strong>,</strong></span> <span class='ocrx_word' id='word_1_184' title='bbox 845 3771 1003 3835; x_wconf 83' lang='lat' dir='ltr'><strong>quae</strong></span> <span class='ocrx_word' id='word_1_185' title='bbox 1074 3753 1367 3838; x_wconf 85' lang='lat' dir='ltr'><strong>impedire</strong></span> <span class='ocrx_word' id='word_1_186' title='bbox 1440 3730 1767 3836; x_wconf 86' lang='lat' dir='ltr'><strong>videntur,</strong></span> <span class='ocrx_word' id='word_1_187' title='bbox 1854 3753 2187 3834; x_wconf 86' lang='lat' dir='ltr'><strong>quominus</strong></span> <span class='ocrx_word' id='word_1_188' title='bbox 2265 3753 2398 3840; x_wconf 84' lang='lat' dir='ltr'><strong>Juri</strong></span> 
     </span>
     <span class='ocr_line' id='line_1_28' title="bbox 491 3879 1595 3966; baseline 0 -17"><span class='ocrx_word' id='word_1_189' title='bbox 491 3879 733 3950; x_wconf 80' lang='lat' dir='ltr'><strong>Gallico</strong></span> <span class='ocrx_word' id='word_1_190' title='bbox 799 3880 1159 3966; x_wconf 78' lang='lat' dir='ltr'><strong>applicetur.</strong></span> <span class='ocrx_word' id='word_1_191' title='bbox 1586 3920 1595 3931; x_wconf 89' lang='lat'><strong>·</strong></span> 
     </span>
     <span class='ocr_line' id='line_1_29' title="bbox 1441 3986 2402 4093; baseline 0 -22"><span class='ocrx_word' id='word_1_192' title='bbox 1441 3986 1506 4071; x_wconf 73' lang='lat' dir='ltr'><strong>&#39;G</strong></span> <span class='ocrx_word' id='word_1_193' title='bbox 1526 4023 1569 4093; x_wconf 75' lang='lat' dir='ltr'>g</span> <span class='ocrx_word' id='word_1_194' title='bbox 2259 4001 2402 4071; x_wconf 79' lang='lat' dir='ltr'><strong>Bre-</strong></span> 
     </span>
    </p>
   </div>
  </div>
 </body>
</html>
