3000 4917
1260 303 1502 337 ·“·“““
2251 318 2335 383 41

1261 341 1502 363 *uu-

430 502 615 572 runt,
667 504 745 555 ne
794 486 948 557 illud
986 484 1198 553 exsilio
1256 484 1630 570 uibueoent3
1681 488 1792 555 sed
1839 502 2166 572 propterea
2209 506 2342 559 non

428 620 607 687 licere
634 618 805 703 ajunt
822 662 849 700 ,
903 630 981 681 ne
1018 613 1184 683 fraus
1211 612 1315 681 fiat
1346 614 1401 683 F
1398 614 1530 685 isco
1547 661 1573 697 ‚
1607 612 1720 698 qui
1749 616 2068 699 deportato
2099 636 2341 689 smne*-

428 765 614 815 surus
660 757 779 813 est.
896 742 1022 811 Cui
1080 741 1257 811 etiam
1284 760 1438 811 -non
1496 742 1868 827 permittitur
1932 744 1998 817 iu
2063 745 2337 817 fiuudem

428 872 791 941 creditorum
836 869 1121 938 alienare.
1154 914 1162 919 -

510 1000 793 1082 Denique
841 1014 915 1067 ut
932 1046 957 1081 ,
1014 1016 1170 1081 quae
1216 997 1297 1065 de
1335 997 1528 1066 media
1561 998 1778 1085 eapitis
1809 998 2158 1071 minutione·
2177 964 2342 1087 apud

431 1128 745 1195 Romanos
786 1125 1173 1194 inveniuntur
1189 1172 1214 1207 ,
1250 1124 1636 1205 absolvamus
1667 1148 1692 1211 ς
1729 1126 1794 1193 in
1833 1126 1977 1211 ipso
2003 1132 2138 1216 jure
2161 1150 2341 1217 egro-

436 1256 606 1341 gium
655 1254 951 1323 habebant
1014 1254 1219 1323 locum
1242 1300 1269 1336 ,
1332 1254 1409 1321 ad
1458 1256 1636 1339 cujus
1665 1255 1992 1341 analogiam
2033 1258 2346 1329 restituto-

436 1404 571 1451 rum
644 1386 782 1469 iura
846 1380 1196 1463 definirent,
1272 1380 1540 1451 scilicet:
1613 1382 2104 1453 Postlimim'um·
2214 1384 2346 1474 Qui

438 1513 595 1579 servi
632 1511 852 1577 fiebant
872 1510 1138 1578 hostium
1159 1555 1184 1591 ‚
1218 1508 1415 1593 capite
1432 1509 1858 1579 minuebantur
1871 1558 1896 1595 ,
1921 1511 2346 1597 civitatemque

437 1638 787 1707 amittebant
802 1685 827 1720 ‚
860 1638 971 1706 sed
1003 1657 1143 1707 cum
1176 1638 1396 1709 durum
1431 1653 1594 1706 esset
1625 1638 1763 1707 illos
1783 1686 1808 1721 ‚
1848 1640 1970 1722 ,qui
2003 1660 2116 1722 pro
2154 1641 2344 1709 salute
2404 1668 2413 1677 ·

440 1766 837 1851 Reipublicae
878 1767 1223 1835 dimicantes
1239 1812 1265 1848 ,
1311 1765 1471 1833 forte
1517 1766 1696 1832 nimia
1744 1766 2072 1833 temeritate
2111 1780 2172 1833 et
2215 1764 2346 1837 ἰοί·-

440 1896 693 1963 titudine
727 1895 955 1980 abrepti
976 1942 1001 1978 ,
1056 1894 1339 1963 hostibus
1396 1894 1844 1965 succubuerant
1859 1942 1884 1979 ,
1913 1896 1968 1963 si
2001 1895 2067 1961 in
2081 1893 2342 1978 patriam

438 2022 697 2091 redirent
742 2022 1067 2106 pristinum
1114 2037 1339 2091 statum
1381 2041 1516 2091 non
1550 2042 1904 2107 recuperare
1919 2068 1944 2103 ‚
1986 2021 2064 2091 iis
2101 2021 2345 2093 valebat

438 2152 683 2235 regum,
764 2149 959 2217 media
1006 2163 1281 2231 tempora
1332 2168 1467 2217 >non
1521 2169 1766 2217 nocere.
1881 2150 2084 2236 Quam
2133 2149 2341 2219 similis

437 2277 531 2345 hic
566 2297 707 2346 cum
748 2274 1060 2345 exsulibus
1102 2275 1367 2343 condiu'o
1389 2322 1411 2356 ,
1468 2274 1572 2345 vix
1609 2296 1781 2359 opus
1804 2323 1827 2357 ‚
1880 2290 1950 2345 ut
1979 2276 2344 2345 animadver-

438 2419 595 2487 tam,
650 2419 731 2474 eut
791 2403 881 2471 nil
954 2402 1117 2470 aliud
1186 2402 1250 2469 in
1306 2405 1445 2488 jure
1513 2404 1851 2475 addendum
1924 2402 2144 2487 fuerit,
2197 2424 2342 2473 cum

434 2533 667 2615 primus
712 2532 885 2600 exsul
933 2532 1012 2598 ad
1062 2529 1361 2599 civitatem
1410 2531 1634 2601 rediret
1653 2578 1678 2613 ,
1715 2530 1833 2599 nisi
1865 2530 2016 2600 illud
2041 2532 2346 2619 postlimi-

434 2663 624 2727 mmeo
658 2674 722 2726 ιι
778 2662 877 2726 ω
932 2640 1209 2740 umas,
1260 2679 1393 2741 quo
1420 2660 1545 2746 jam
1577 2660 1643 2727 in
1682 2659 1951 2729 minimis
1983 2663 2158 2727 enam
2193 2660 2343 2743 quid

436 2788 550 2857 sibi
604 2788 810 2855 liceret
856 2787 1007 2855 scire
1055 2801 1316 2871 poterat.
1407 2788 1672 2871 Loquor
1709 2787 1866 2855 enim
1901 2788 1978 2853 de
2010 2786 2082 2851 iis
2119 2784 2228 2867 qui
2275 2790 2347 2851 in

437 2918 756 2998 integrum
830 2920 1264 2981 restituuntur
1278 2962 1301 2995 ‚
1378 2931 1505 2979 non
1571 2916 1645 2979 de
1712 2912 2062 2979 remissione
2114 2930 2342 2994 poenae

322 3046 331 3050 ’
435 3042 533 3109 vel
582 3040 851 3109 infamiae
885 3044 982 3111 vel
1020 3042 1397 3127 quorundam
1450 3040 1679 3124 jurium
1702 3085 1726 3120 ,
1767 3058 1974 3105 verum
2024 3036 2204 3105 sicuti
2230 3058 2340 3121 Ju-

432 3188 589 3237 mus
612 3188 1005 3239 Ltcmmms
1039 3170 1115 3238 ab
1148 3186 1503 3239 ANTONINO
1535 3168 1899 3248 Imperatore
1913 3164 2079 3231 hisce
2097 3164 2334 3231 verbisa

428 3340 482 3381 ‚,
516 3296 807 3367 Restituo
846 3315 906 3365 te
963 3299 1029 3365 in
1064 3298 1364 3383 integrum
1411 3296 1755 3380 provinciae
1813 3307 1948 3361 tuae
1967 3340 1992 3373 ,
2048 3305 2119 3359 ut
2147 3304 2344 3368 autem

432 3470 478 3508 ‚‚
518 3426 716 3508 scias,⁹
766 3428 917 3509 quid
960 3428 1039 3495 sit
1074 3428 1145 3493 in
1194 3427 1498 3511 integrum
1529 3424 1849 3493 restituere
1902 3420 2236 3491 honoribus
2277 3435 2338 3487 et

430 3598 481 3634 „
526 3554 724 3621 ordini
769 3571 879 3623 tuo
933 3574 992 3622 et
1040 3555 1325 3625 omnibus
1380 3553 1628 3621 caeteris
1662 3567 1722 3618 te
1760 3550 2010 3618 restituo
2047 3552 2178 3647 (47
2191 3552 2253 3629 ).

2215 3678 2354 3744 Ne.

530 3824 682 3893 (47)
718 3824 789 3881 L'.
841 3839 893 3881 x.
946 3828 1073 3887 Col.
1112 3830 1179 3879 de
1223 3819 1548 3896 Sententiam
1579 3836 1738 3893 pass.
1777 3836 1828 3878 et
1888 3826 2135 3878 restitut·
