3000 4917
1234 395 1481 451 =
1925 392 1938 443 -·
2198 395 2326 474 1⁵⁷

418 579 689 666 Uterque
742 579 903 646 enim
952 590 1117 646 statu
1162 579 1435 664 privatur
1452 625 1477 660 ,
1521 575 1824 645 civitatem
1857 579 2084 647 amittit
2103 621 2128 661 ,
2171 597 2320 662 pro-

416 712 745 792 scribitur,
796 709 982 777 ambo
1035 709 1383 777 testamenti
1434 705 1720 775 factionis
1737 753 1764 790 ‚
1821 709 2126 794 justarum
2161 725 2326 793 nup·

414 840 631 908 tiarum
650 883 675 920 ,
735 839 955 921 patriae
996 841 1311 924 potestatis
1333 886 1360 923 ,
1420 841 1644 908 tutelae
1659 885 1686 922 ,
1735 841 2140 923 procuratorii
2187 857 2332 908 tnu-

422 968 581 1034 neris
655 979 801 1032 sunt
860 967 1177 1050 incapaces
1198 1009 1225 1048 ,
1286 965 1608 1049 utriusque
1671 963 1836 1033 bona
1885 965 2328 1038 confiscantur·

426 1095 635 1176 Atque
670 1093 817 1160 hinc
860 1111 991 1162 non
1030 1095 1367 1162 mirandum
1392 1140 1420 1176 ,
1450 1095 1508 1163 si
1549 1094 1766 1179 primis
1821 1106 1967 1176 post
1997 1092 2163 1179 Juris
2195 1095 2336 1162 Ro·

432 1222 596 1288 mani
644 1221 1090 1290 restitutionem
1132 1223 1512 1308 temporibus
1567 1221 1716 1290 haec
1759 1217 2193 1303 confuderint,
2225 1239 2334 1288 ne·

438 1351 643 1434 glecto
673 1367 857 1430 sensu
878 1396 907 1432 ,
939 1353 1085 1418 dum
1126 1352 1195 1419 in
1226 1351 1434 1420 verbis
1465 1351 1804 1418 haererent.
1889 1349 2098 1434 Hujus
2130 1363 2338 1420 autem

440 1476 577 1544 vitii
652 1478 831 1562 origo
881 1478 947 1544 in
996 1477 1151 1562 ipsis
1203 1477 1534 1545 barbaricis
1607 1476 1830 1545 latebat
1889 1475 2168 1562 legibus:
2227 1477 2344 1546 hae

444 1604 605 1670 enim
658 1605 755 1670 vel
802 1605 1053 1671 latinam
1103 1605 1463 1687 plerumque
1530 1604 1874 1671 versionem
1939 1601 2344 1672 continebant

443 1746 650 1794 earum
704 1745 901 1796 rerum
920 1753 949 1808 ,¹
1008 1745 1163 1810 quae
1213 1727 1564 1796 invasorum
1625 1731 1794 1814 genti
1843 1733 2124 1816 propriae
2177 1731 2345 1798 simi·

440 1853 605 1920 libus
650 1855 845 1938 magis
887 1873 1067 1936 quam
1100 1855 1339 1922 idoneis
1368 1856 1624 1923 vocibus
1659 1857 2142 1940 exprimebantur
2160 1901 2187 1938 ,
2235 1867 2348 1922 aut

436 1999 591 2064 quae
663 1997 699 2043 e
772 1977 1061 2048 Romano
1113 1980 1265 2066 Jure
1314 1981 1381 2048 in
1449 1982 1852 2067 Compendiis
1915 1997 2150 2051 servata
2207 1981 2350 2049 fue·

438 2123 572 2174 rant
642 2108 935 2192 temporis
1011 2109 1233 2192 lapsu,
1288 2125 1349 2176 et
1429 2125 1662 2179 mutatu
1721 2112 1942 2198 populi
1987 2110 2348 2180 conditione

439 2234 973 2318 significationem·
1003 2249 1265 2302 veterem
1318 2237 1682 2321 amiserant3
1758 2239 1932 2322 quod
1951 2282 1978 2320 ,
2025 2258 2106 2306 ne
2149 2257 2350 2308 remo·

439 2366 597 2432 tiora
657 2383 941 2448 quaeram
958 2409 983 2446 ,
1031 2363 1099 2430 in
1146 2362 1429 2431 vocabuli
1456 2365 1664 2432 civilis
1692 2367 1876 2450 plane
1915 2367 2156 2434 diverso
2185 2363 2352 2450 apud

439 2493 759 2560 Romanos
824 2511 899 2560 ac
963 2491 1311 2559 Germanos
1379 2509 1570 2558 sensu
1638 2493 1790 2559 satis
1851 2505 2101 2576 apparet
2167 2491 2348 2576 (αα).

528 2624 690 2691 Cum
724 2623 953 2705 igitur,
1004 2622 1190 2691 sicuti
1236 2641 1673 2691 tuenstuens
1714 2639 2186 2702 nannaaossA,
2235 2620 2350 2704 qui

444 2770 588 2818 suas
657 2751 1132 2819 constitutiones
1190 2751 1267 2818 de
1335 2769 1489 2836 pace
1535 2751 1778 2836 Imperii
1840 2764 1904 2818 et
1957 2747 2353 2818 universitate

450 2877 867 2956 Bononiensi,
904 2877 1291 2960 justinianeo
1326 2875 1529 2942 codici
1563 2875 1926 2961 subjunxit,
1959 2875 2045 2942 ita
2061 2875 2167 2958 jus
2199 2874 2360 2940 anti-

450 3021 639 3086 quum
678 3022 749 3068 ac
788 3003 942 3068 illud
966 3047 987 3082 ,
1008 3021 1137 3083 quo
1170 3019 1337 3068 nunc
1360 3003 1726 3082 utebantur,
1759 3004 1842 3069 its
1861 3002 2346 3084 conjungerent,

449 3129 631 3212 quasi
703 3127 943 3194 nullum
1031 3111 1183 3193 haec
1262 3140 1602 3208 separasset
1683 3125 1976 3206 temporis
2072 3126 2356 3192 interval-

456 3259 584 3326 lum
605 3301 635 3342 ,
683 3256 919 3353 factum
974 3269 1113 3338 est,
1180 3265 1252 3317 ut
1300 3251 1556 3334 antiqua
1609 3250 1793 3318 novis
1860 3251 2224 3333 miscerent,
2280 3269 2354 3318 ac

2189 3394 2364 3444 88118·

552 3658 703 3724 (22)
760 3653 849 3711 cf.
905 3651 1069 3716 Huius
1113 3649 1273 3707 Βία.
1338 3653 1470 3714 cap.
1523 3647 1574 3701 1.
1621 3647 1706 3699 Sic
1733 3645 1920 3710 etiam,
1964 3645 2052 3710 qul
2098 3647 2344 3701 Consules

448 3745 713 3799 civitatum
770 3739 1055 3791 Italicarum
1116 3737 1328 3800 eadem,
1373 3749 1473 3799 qus
1521 3737 1718 3786 Romae
1762 3737 1858 3785 sub
1917 3733 2212 3786 Caesaribus
2257 3747 2348 3786 sut

449 3826 733 3897 Justiniano
777 3833 1014 3890 regnante
1062 3821 1365 3884 intelligeret
1409 3819 1688 3884 dignitate,
1740 3817 2082 3884 gravissimum
2116 3820 2348 3873 commit-

448 3925 559 3968 tere
602 3923 817 3966 errorcm
865 3903 1093 3962 confiteri
1139 3916 1359 3972 oporiet·

1400 4011 1551 4098 Vs
