3000 4917
663 360 787 432 216
1496 360 1741 391 ·““““““

671 560 738 627 in
784 553 1073 624 omnibus
1121 546 1310 615 morti
1357 546 1826 626 assimulatum,
1888 561 1961 610 ac
2014 540 2389 625 quibusnam
2448 565 2602 612 can.

676 687 766 753 sis
825 678 1139 750 tribuenda
1181 676 1267 743 sit
1316 674 1491 740 vocis
1542 671 1719 757 otigo
1734 717 1760 754 ‚
1810 672 2060 757 ejusque
2130 669 2471 753 applicatio
2518 675 2604 739 ad

673 812 799 901 -Jus
856 808 1214 878 Romanum
1264 802 1431 886 apud
1485 799 1704 866 Italos.
1786 797 1877 865 At
1919 798 2069 864 dum
2117 797 2266 864 haec
2314 818 2608 882 gereren-

675 956 825 1024 tur-3
871 937 1064 1019 magis
1097 930 1410 1015 magisque
1449 926 1691 995 aveteri
1708 925 1992 992 instituto
2017 925 2402 991 descenderat
2419 932 2602 1011 apud

680 1069 905 1139 Gallos
955 1062 1326 1132 forbannum
1344 1103 1368 1137 ,
1431 1073 1505 1122 ac
1558 1054 1637 1120 ad
1685 1053 1963 1136 privatos
2010 1069 2125 1117 seu
2174 1071 2459 1134 proceres
2503 1058 2595 1123 ita

680 1195 1045 1285 migraverat
1063 1231 1090 1269 ,
1139 1198 1214 1251 ut
1265 1181 1553 1264 superius
1594 1178 1662 1243 in
1709 1194 1907 1261 regno
1950 1194 2079 1242 non
2128 1194 2591 1263 agnosceretur.

678 1324 807 1393 sed
867 1319 1097 1402 Reges·
1146 1313 1302 1381 illud
1371 1309 1766 1377 solummodo
1831 1322 1895 1373 et
1962 1311 2181 1375 caeteri
2234 1310 2469 1377 nobiles
2520 1314 2589 1381 in

676 1451 854 1523 tei-ria
898 1446 1031 1515 suis
1085 1440 1465 1508 exercebant.
1531 1435 1829 1502 Paulatim
1864 1454 2012 1502 vero
2047 1439 2387 1504 restituitur
2413 1440 2586 1507 illius

669 1577 944 1664 dignitas
965 1616 988 1654 ,
1016 1569 1087 1637 fit
1100 1566 1379 1651 superior
1411 1565 1579 1631 illius
1615 1565 1967 1648 jurisdictio
1988 1611 2015 1646 ,
2050 1585 2119 1630 ac
2153 1564 2584 1647 quiasummo

669 1705 1003 1788 imperante
1033 1693 1405 1762 banniantur
1424 1735 1451 1773 ,
1487 1690 1778 1759 omnibus
1816 1690 2148 1773 provinciis
2196 1693 2437 1760 exulare
2465 1714 2579 1761 co·

680 1847 931 1925 guntur.
988 1823 1133 1893 Huc
1169 1840 1369 1905 usque
1414 1834 1659 1900 tamen,
1696 1819 1852 1886 nihil
1880 1835 2116 1902 praeter
2153 1820 2322 1903 pacis
2358 1838 2421 1888 et
2461 1824 2581 1892 bo-

677 1977 903 2033 norum
931 1950 1331 2040 privationem
1350 1995 1377 2031 ‚
1408 1946 1561 2017 vitae
1589 1946 1928 2029 periculum
1964 1964 2023 2012 et
2050 1964 2374 2031 egestatem
2408 1969 2584 2017 com-

677 2085 1057 2177 plectebatur
1086 2077 1480 2147 forbannum.
1528 2072 1664 2158 Jam
1684 2073 2014 2139 advocatur
2034 2070 2153 2159 Jus
2173 2072 2521 2143 Romanum
2546 2126 2578 2163 ‚

678 2230 754 2283 ut
787 2213 959 2299 quod
986 2211 1241 2292 antiquo
1291 2205 1419 2294 juri
1455 2205 1625 2270 deest
1642 2246 1669 2284 ,
1698 2200 2046 2284 adimpleat.
2129 2204 2288 2269 Illud
2326 2222 2475 2271 vero
2508 2225 2589 2275 ex

676 2344 852 2413 ltalia
886 2320 1270 2425 depromtum
1310 2351 1455 2425 cum
1494 2333 1907 2416 glossatorum
1944 2341 2005 2394 et
2034 2346 2585 2400 commentatorum

679 2471 848 2545 notis
887 2465 1185 2548 accipitur
1241 2479 1312 2527 ac
1363 2478 1398 2525 e
1440 2455 1614 2524 vocis
1634 2499 1660 2537 ,
1703 2457 1923 2540 judicii
1971 2476 2043 2523 ac
2082 2458 2336 2540 originis
2372 2459 2591 2528 simili-

675 2596 890 2665 tudine
961 2588 1178 2656 similis
1239 2585 1569 2668 applicatio
1636 2584 1869 2664 oritur,
1927 2603 2053 2666 quo
2116 2584 2188 2650 fit
2235 2600 2308 2651 ut
2361 2587 2592 2654 alienae

673 2713 984 2800 analogiae
1071 2712 1455 2790 tribuantur,
1532 2727 1688 2791 quae
1751 2710 2076 2793 hucusque
2147 2713 2562 2794 simpliciores

677 2861 896 2915 causas
967 2837 1328 2911 habuerant.
1431 2835 1522 2904 Ita
1574 2853 1924 2902 ramerus
1974 2856 2066 2929 nr.
2126 2857 2580 2911 nuaumamout

682 2980 1001 3060 antiquum
1092 2969 1196 3056 jus
1263 2964 1475 3032 retulit
1545 2982 1616 3030 ac
1686 2965 1855 3045 quod
1899 2964 2219 3031 hereditate
2265 2986 2338 3032 ac
2401 2983 2592 3037 testa-

681 3103 871 3173 menti
908 3096 1175 3168 factione
1224 3094 1539 3178 priventur
1598 3089 1951 3173 simpliciter
1986 3111 2060 3159 ex
2090 3095 2391 3185 bonorum
2427 3118 2588 3167 con.

679 3227 999 3299 fiscatione
1040 3223 1308 3293 deducit.
1396 3220 1519 3288 Sed
1587 3236 2045 3287 outtnmtmus
2100 3241 2394 3295 nutum)
2442 3227 2589 3312 J'ure

682 3360 795 3429 illo
815 3401 841 3438 ‚
920 3355 1089 3439 quod
1157 3353 1232 3420 ab
1298 3350 1466 3419 Italis
1516 3364 1868 3433 acceperant
1919 3351 2175 3419 edoctus
2228 3373 2301 3420 ac
2358 3354 2595 3425 Latine

684 3484 961 3554 scribens
980 3528 1007 3566 ,
1069 3502 1106 3550 a
1147 3481 1445 3550 Romanis
1495 3499 1623 3551 rem
1668 3480 1895 3562 repetit¹
1932 3500 2004 3548 ac
2052 3482 2390 3550 secundum
2465 3484 2595 3552 hu·

677 3614 782 3699 jus
830 3612 978 3678 aevi.
1009 3611 1332 3692 opiniones
1383 3609 1644 3677 civiliter
1699 3625 1812 3674 seu
1865 3613 2115 3676 saeculo
2159 3625 2434 3691 mortuos
2495 3614 2589 3680 ait

676 3737 959 3807 bannitus
983 3777 1008 3815 ,
1080 3738 1253 3819 quod
1299 3737 1440 3827 alio,
1479 3735 1658 3802 etiam
1706 3737 1849 3803 loco
1879 3737 2197 3807 confirmat
2227 3759 2587 3825 tutemus

675 3885 775 3938 ms
820 3883 1270 3937 assummum
1289 3908 1315 3947 ,
1359 3865 1465 3934 ubi
1507 3866 1583 3933 de
1614 3860 1906 3933 facultate
1941 3867 2318 3936 haereditatis
2350 3870 2589 3945 adeun·

2465 3996 2588 4062 dae

2945 2338 2992 4081 Rfflwu-u
