3000 4917
1306 320 1554 409 ξ
2318 330 2398 421 ⁸2.

474 498 686 567 deinde
718 497 872 567 iuter
902 494 1117 571 fratres
1155 500 1379 589 exortis
1397 548 1424 595 ‚
1463 501 1846 588 magistratus
1877 525 1989 606 spa
2023 511 2376 590 auctoritate
2457 544 2462 550 ¹

469 626 637 696 abuti
681 627 988 715 coeperint
1019 625 1322 727 primum,
1375 646 1470 696 ut·
1488 630 1707 701 militm
1747 610 2099 719 colligerent
2150 638 2365 713 deinde

470 770 542 839 ut
600 773 763 823 nunc
828 755 982 823 hanc
995 799 1022 840 ‚
1098 773 1261 824 nunc
1310 755 1468 825 illam
1524 772 1754 841 partem
1811 778 2208 850 sequerentur
2258 785 2378 849 pro

467 882 558 966 nti
626 883 821 968 majus
892 883 1029 951 inde
1095 885 1331 963 lucrum
1392 901 1720 968 sperarent.
1837 888 1959 957 Sed
2000 908 2079 959 ne
2126 892 2371 979 longius

468 1011 735 1078 aberrem
751 1057 777 1092 ‚
825 1027 1088 1093 quatuor
1134 1011 1518 1106 potissimum
1570 1034 1786 1085 causae
1838 1015 2034 1087 afferri
2067 996 2371 1121 possunt-2

470 1157 625 1222 quae
671 1137 946 1207 instituta
988 1141 1065 1207 ad
1118 1138 1481 1213 forbannum
1529 1140 1891 1233 pertinentia
1904 1190 1929 1225 ‚
1994 1163 2363 1231 quamquam

470 1265 652 1335 verba
706 1265 856 1350 legis
914 1257 1049 1334 non
1093 1281 1508 1350 mutarentur,
1568 1282 1768 1337 tamen
1843 1269 1969 1339 cito
2027 1272 2378 1357 corrupisse

470 1391 771 1461 videntur.
868 1393 1095 1462 Earum
1169 1394 1369 1480 prima
1451 1395 1587 1467 sine
1660 1395 1849 1467 dubio
1935 1397 2055 1469 fuit
2075 1444 2102 1481 ,
2202 1401 2380 1475 here-

478 1519 737 1615 ditaria
782 1525 1281 1608 magistratuum
1322 1523 1579 1609 eleum
1623 1542 1762 1593 nam
1812 1526 1927 1597 etsi
1977 1527 2248 1597 nondum
2301 1546 2381 1607 eo

473 1666 573 1717 res
636 1647 1016 1716 devenissent
1030 1695 1055 1730 ‚
1095 1664 1173 1716 ut
1201 1667 1446 1721 munera
1476 1651 1633 1721 inter
1667 1651 1847 1720 feuda
1877 1667 2379 1741 numerarentur,

471 1774 601 1841 sive
646 1773 878 1858 ignavia
922 1774 1387 1857 Carolingorum
1405 1822 1430 1856 ‚
1481 1781 1609 1861 sive
1641 1776 1956 1861 prudentia
1970 1822 1996 1857 ‚
2046 1778 2216 1857 quod
2252 1796 2380 1871 mq-

472 1901 592 1979 ‚lius
629 1900 1019 1968 administrari
1047 1900 1385 1985 provincias
1414 1901 1839 1969 arbitrarentur
1871 1900 1946 1967 ab
1969 1899 2043 1969 iis
2064 1947 2088 1983 ,
2109 1920 2372 1987 quorum

470 2045 642 2113 pater
659 2030 756 2097 vel
772 2040 923 2096 avus
932 2030 1052 2115 jam
1071 2028 1157 2095 ibi
1181 2027 1494 2111 dignitates
1519 2047 1671 2095 occu
1677 2044 1917 2111 paverat
1938 2073 1963 2113 ,
1978 2027 2167 2111 vulgo
2180 2041 2381 2103 tamen

372 2202 375 2203 ν
468 2156 631 2235 hanc
662 2156 924 2242 regulam
946 2172 1193 2224 secutos
1211 2154 1397 2223 fuisse
1432 2155 1826 2239 imperatores
1841 2153 2060 2223 Seculo
2079 2155 2159 2223 Χ.
2184 2151 2383 2229 histo-

474 2283 562 2352 ria
579 2284 782 2355 docet.
871 2284 1154 2350 Secundo
1182 2284 1309 2348 huc
1323 2252 1676 2349 referendus
1692 2279 1919 2351 abusus
1946 2277 2375 2360 beneficiorum

474 2431 601 2493 quo
649 2411 901 2477 comites
938 2428 1009 2476 ac
1056 2410 1260 2481 Duces
1312 2407 1631 2475 firmiorem
1683 2409 1884 2481 sedem
1933 2407 1998 2473 in
2045 2404 2378 2490 provinciis

473 2535 911 2621 adquirebam,
974 2537 1132 2602 unde
1173 2533 1402 2603 facturn
1424 2582 1449 2617 ‚
1508 2549 1616 2621 ut,
1675 2554 1836 2618 quos
1873 2554 1985 2619 per
2031 2536 2240 2619 plures
2276 2551 2381 2617 ge·

466 2664 808 2751 ¹natationes
848 2650 1120 2747 *propter
1191 2681 1416 2731 munus
1476 2661 1668 2731 vereri
1728 2663 2050 2733 didicerant
2096 2662 2326 2731 incolae
2348 2704 2377 2742 ‚

477 2811 584 2859 eos
613 2810 776 2859 nunc
809 2805 1060 2875 propter
1090 2790 1325 2858 divitias
1358 2806 1778 2877 sequerentur.
1822 2791 1917 2857 Ea
1949 2790 2105 2855 enim
2139 2801 2233 2855 est
2267 2786 2382 2861 bo-

472 2916 703 3009 minum
749 2933 964 2984 natura
1030 2931 1101 2985 ut
1164 2916 1308 2984 licet
1362 2916 1810 3000 potentioribus
1890 2913 2195 2981 invideant
2209 2956 2236 2993 ,
2292 2911 2389 2999 lu·

476 3044 567 3112 cri
595 3042 1157 3126 tamencupiditate
1201 3040 1669 3123 locupletiorum
1705 3037 2002 3107 voluntati
2041 3035 2325 3103 obediant
2337 3053 2367 3117 ς

468 3168 708 3257 ‚quibus
792 3167 848 3234 si
904 3169 1124 3255 jungas
1193 3166 1415 3235 rariora
1501 3166 1568 3231 in
1629 3163 1758 3231 dies
1856 3161 2109 3233 concilia
2177 3158 2379 3261 publi-

470 3316 595 3389 ca,
659 3292 767 3363 ubi
825 3291 1103 3376 inprimis
1182 3289 1478 3356 eminebat
1547 3288 1791 3372 Regum
1871 3288 2190 3372 maiestas,
2251 3305 2379 3363 non

481 3425 729 3493 dein-unt
777 3438 1037 3501 causae,
1089 3416 1316 3502 quibus
1365 3416 1485 3505 sub
1536 3415 1742 3480 iisdem
1782 3412 2018 3498 legibus
2050 3415 2126 3489 ad
2171 3413 2381 3499 ingen·

482 3565 608 3620 nem
675 3550 924 3618 modum
978 3546 1312 3615 increscere
1364 3541 1649 3615 ,debuerit
1694 3540 1987 3608 comitum
2025 3559 2111 3631 ³ac
2161 3540 2377 3626 magis-

486 3693 749 3763 tratuum
765 3678 1059 3769 potentia.
1101 3671 1267 3743 Huic
1282 3684 1481 3740 autem
1500 3667 1720 3736 abusui
1742 3669 1991 3736 accessit
2004 3669 2239 3741 tertium
2256 3687 2382 3737 ma-

487 3808 661 3891 lum·
715 3802 887 3893 quod
933 3821 1010 3869 ex
1057 3798 1209 3889 ipsis
1241 3816 1490 3875 cauom
1530 3815 1755 3867 mom
1803 3797 2039 3917 legibus
2089 3797 2382 3873 fluxa-ag

2300 3935 2410 3984 co·
