3000 4917
698 422 777 501 84
1508 426 1752 485 =

704 609 962 692 primum
1025 610 1227 676 locum
1299 621 1567 690 teneret,
1635 605 1798 675 nulla
1871 618 2067 671 tamen
2128 601 2184 670 ei
2256 600 2321 666 in
2380 599 2590 669 fratres

703 734 1052 803 auctoritate
1078 750 1390 802 concessa.
1472 731 1595 799 Sed
1625 747 1686 799 et
1717 733 1880 799 hunc
1909 730 2153 798 titulum
2201 747 2384 798 οττο
2416 749 2593 795 nac-

705 880 838 928 nus
885 860 1002 929 sibi
1050 859 1410 944 adquisivit,
1450 859 1532 927 ita
1541 873 1611 927 ut
1650 877 1849 943 neque
1892 857 1990 924 hic
2050 875 2320 924 canoto
2355 875 2596 923 naono

703 985 890 1056 fuerit
931 989 1144 1075 impar.
1229 988 1420 1057 Porro
1469 986 1549 1056 ab
1595 986 1766 1055 initio
1812 986 2007 1056 fuerat
2068 985 2311 1054 electiva
2357 1002 2591 1052 summa

709 1116 984 1200 majestas
1002 1163 1032 1199 ,
1099 1116 1414 1184 observata
1478 1128 1710 1182 tantum
1787 1113 1890 1181 illa
1956 1113 2200 1196 regula,
2262 1125 2336 1179 ut
2411 1129 2593 1193 quem

704 1222 1039 1327 Imperator
1117 1243 1410 1310 decedens
1488 1241 1883 1326 disignaverat
1981 1239 2265 1323 eligerent
2279 1285 2306 1320 ‚
2394 1255 2594 1318 neque

707 1369 831 1434 hoc
874 1382 1170 1438 mutatum
1228 1382 1344 1434 est.
1441 1366 1660 1450 Populi
1701 1366 2023 1432 conciones
2040 1411 2069 1446 ‚
2126 1378 2198 1432 ut
2255 1363 2320 1429 in
2367 1362 2595 1446 magnis

703 1492 888 1562 rebus
924 1492 1215 1580 iudicium
1263 1492 1488 1561 ferrent
1505 1538 1532 1575 ,
1567 1505 1629 1559 et
1670 1492 1788 1562 sub
1834 1491 2124 1559 saxonica
2176 1490 2362 1573 stirpe
2411 1490 2591 1556 habe-

703 1622 964 1704 bantur,
1026 1635 1089 1688 at
1129 1619 1319 1689 rarius
1352 1633 1598 1700 tamen,
1648 1636 1727 1685 ne
1759 1616 1971 1702 privati
2005 1615 2309 1685 sumtibus
2356 1616 2434 1683 ad
2479 1615 2593 1683 iter

702 1747 1050 1817 necessariis
1067 1793 1096 1832 ,
1157 1759 1266 1815 aut
1322 1745 1570 1814 mulctis
1623 1743 1924 1814 absentiae
1975 1744 2275 1829 impositis
2307 1745 2589 1828 patrimo-

702 1876 873 1944 nium
956 1874 1359 1943 exhaurirent.
1458 1871 1585 1941 Sed
1646 1873 1815 1956 quod
1862 1871 2132 1939 omnium
2187 1872 2442 1939 maxime
2488 1872 2586 1938 hic

641 1979 650 1987 ⁸
701 2001 1284 2069 animadvertendum
1303 2046 1330 2083 ,
1400 2018 1471 2067 ac
1528 2017 1645 2082 pro
1711 2001 1912 2084 legum
1987 1998 2339 2066 collectione
2402 2000 2636 2067 valere·

702 2140 950 2211 potest,
1013 2127 1249 2196 sublata
1300 2125 1572 2194 nondum
1622 2124 1818 2193 fuerat
1875 2124 2339 2211 iurisprudentia
2353 2173 2378 2207 ‚
2439 2145 2595 2208 quae

699 2255 819 2323 sub
869 2272 1141 2322 canoto
1185 2272 1427 2322 MAGNO
1469 2253 1762 2339 viguerat.
1845 2254 2089 2337 Duplex
2123 2253 2307 2339 huJus
2351 2253 2439 2320 rei
2494 2255 2596 2320 ad-

702 2396 797 2451 est
841 2381 1296 2465 testimonium3
1346 2381 1605 2466 primum
1624 2428 1650 2464 ,
1691 2382 1857 2464 quod
1872 2427 1898 2462 ‚
1951 2379 2229 2461 quamvis
2277 2381 2598 2449 Germania

698 2522 770 2574 ut
805 2509 886 2574 ita
926 2508 1113 2575 dicam
1146 2527 1273 2574 non
1315 2507 1649 2576 accessoria
1692 2508 1944 2592 amplius
1980 2526 2150 2592 regio
2194 2506 2314 2574 dici
2344 2522 2594 2591 posset,

702 2633 811 2698 sed
858 2652 1039 2700 suum
1067 2634 1310 2701 haberet
1345 2635 1667 2719 principem
1685 2682 1711 2718 ‚
1757 2636 1882 2702 imo
1910 2635 2171 2718 primum
2211 2634 2366 2702 inter
2404 2653 2589 2720 regna

596 2740 603 2745 ⁰
703 2761 905 2827 locum
954 2774 1311 2844 occuparet,
1343 2761 1608 2845 gentium
1645 2775 1842 2830 tamen
1876 2761 2183 2830 distinctio
2245 2779 2368 2830 non
2404 2761 2589 2830 fuerit

699 2887 934 2958 sublata
960 2907 1014 2971 ,·
1054 2888 1164 2955 sed
1223 2886 1484 2970 quisque
1546 2887 1665 2957 sub
1732 2888 1926 2975 Regis
1989 2889 2240 2975 imperio
2306 2910 2423 2959 suo
2486 2891 2600 2959 du·

701 3016 759 3082 ci
814 3029 1073 3100 pareret.
1171 3015 1450 3084 Secundo
1469 3063 1494 3097 ‚
1559 3018 1726 3099 quod
1778 3017 2002 3101 singuli
2057 3018 2141 3084 illi
2190 3020 2406 3103 populi
2454 3041 2596 3106 pro·

702 3144 895 3227 priam
973 3144 1325 3213 retinuerint
1417 3146 1610 3230 legem
1697 3146 2028 3213 secundum
2079 3132 2286 3227 ”quam
2365 3148 2591 3232 iudica·

710 3284 919 3339 rentur
976 3272 1128 3356 (50)
1149 3318 1175 3354 ,
1237 3272 1405 3354 quod
1465 3273 1642 3354 plane
1703 3271 1887 3338 dubio
1943 3287 2140 3354 caret,
2213 3272 2265 3340 si
2336 3276 2595 3342 attenda-

709 3414 848 3463 mus
916 3397 1334 3466 Thiadericum
1356 3446 1381 3481 ‚
1451 3400 1558 3482 qui
1631 3399 1694 3465 T
1692 3418 1968 3466 anemaro
1991 3444 2017 3480 ,
2099 3399 2348 3475 Hem-ici
2411 3401 2592 3485 primi

658 3572 662 3577 .
712 3521 839 3589 filio
919 3525 1235 3613 naturali,
1306 3525 1372 3591 in
1459 3525 1778 3593 rebellione
1850 3527 2133 3595 adversus
2235 3527 2589 3596 Or‘roxvnu

2425 3674 2601 3723 m·

814 3838 849 3899 (
864 3836 972 3901 50)
1000 3839 1320 3891 wn-mnmn
1353 3838 1553 3894 Annal.
1602 3841 1723 3897 Lib.
1757 3838 1835 3898 Π.
1870 3840 2002 3908 apud
2031 3853 2290 3897 utvnoou
2307 3844 2419 3899 Res
2450 3842 2588 3896 Get-⁷

724 3920 956 3976 mameae
1001 3922 1149 3982 Tem.
1192 3922 1240 3977 1.
1280 3932 1414 3991 pag.
1461 3924 1576 3989 645·
