3000 4917
704 375 833 462 196
1533 347 1790 452 Ξ.

716 589 933 640 norum
982 569 1395 640 dominatione
1438 571 1696 657 petenda
1737 585 1834 640 est
1851 615 1880 656 ‚
1922 571 2002 638 ita
2047 583 2118 638 ut
2165 581 2307 638 ante
2365 575 2642 638 medinm

724 699 855 766 fere
884 699 1197 768 saeculum
1214 701 1516 768 decimum
1549 703 1794 768 tertium
1829 719 1908 766 ex
1937 701 2090 782 ipsis
2115 701 2360 766 illorum
2391 700 2636 782 legibus

714 827 1195 912 jurisprudentia
1242 827 1323 894 de
1372 841 1567 896 morte
1617 827 1786 895 civili
1841 828 2046 894 evolvi
2098 840 2388 910 nequeat.
2467 827 2638 892 Illud

714 965 919 1020 tamen
987 951 1307 1022 fatendum
1393 955 1876 1024 consuetudines
1901 1001 1926 1036 ,
1998 960 2348 1038 praesertim
2433 955 2490 1020 si
2563 955 2632 1020 in

712 1082 1013 1166 scriptum
1106 1085 1375 1150 redactae
1434 1101 1566 1150 non
1645 1079 1922 1164 fuerint,
1995 1083 2299 1150 difficilius
2364 1083 2631 1162 mutari,

722 1209 897 1292 quod
948 1228 1133 1278 secus
1172 1211 1239 1278 in
1284 1211 1605 1278 codicibus
1621 1254 1650 1294 ,
1709 1211 1820 1294 qui
1871 1212 2036 1278 haud
2085 1231 2228 1278 raro
2287 1209 2630 1276 edictorum

718 1351 785 1404 et
830 1339 1214 1408 decretorum
1256 1339 1417 1406 serie
1464 1337 1901 1424 corriguntur,
1961 1353 2067 1405 aut
2099 1351 2436 1404 mutantur.
2497 1337 2632 1402 An·

722 1464 1105 1548 tiquissimae
1170 1466 1359 1548 igitur
1424 1465 1922 1534 Normannorum
1985 1467 2152 1549 leges
2177 1510 2203 1546 ,
2283 1482 2440 1548 quae
2503 1463 2630 1528 ΑΟ.

736 1607 925 1674 1250.
988 1592 1375 1676 conscriptae
1440 1593 1772 1674 videntur,
1823 1611 1952 1658 non
2012 1593 2092 1658 ad
2165 1595 2332 1658 hunc
2407 1609 2632 1658 annum

729 1717 1015 1804 restringi
1066 1732 1355 1804 oportent
1374 1763 1403 1802 ,
1462 1721 1575 1786 sed
1615 1733 1821 1786 vetera
1871 1720 2049 1786 etiam
2090 1719 2224 1803 jura
2273 1719 2634 1796 continent,

725 1847 883 1930 quid
946 1844 1105 1914 enim
1188 1867 1226 1912 ι
1288 1863 1602 1912 Parmeno
1671 1864 1991 1913 nucus'ro
2063 1859 2360 1912 mutatum
2427 1843 2630 1910 fuerit.

728 1975 947 2042 sedulo
1059 1988 1272 2040 auctor
1362 1986 1640 2040 annotat.
1765 1973 1866 2038 Ex
1978 1971 2100 2037 hoc
2177 1973 2366 2054 igitur
2455 1989 2634 2054 opere

720 2101 956 2186 junctis
1004 2097 1081 2166 iia
1104 2144 1131 2180 ,
1187 2117 1345 2182 quae
1388 2099 1454 2166 in
1518 2098 1700 2166 variis
1767 2100 2116 2182 Anglorum
2173 2100 2420 2182 scriptis
2471 2117 2638 2181 repe-

732 2229 974 2296 riuntur
990 2271 1018 2310 ‚
1076 2227 1229 2310 quid
1288 2225 1517 2292 ratione
1567 2213 1856 2293 forbanni
1909 2227 1976 2292 in
2028 2227 2130 2292 illa
2180 2225 2415 2294 Galliae
2473 2241 2639 2310 parte

736 2357 1045 2442 viguerit,
1107 2353 1355 2422 definire
1410 2353 1709 2422 conabor.

736 2555 747 2564 ,
816 2481 1083 2552 Difficile
1140 2483 1311 2550 dictu
1368 2496 1466 2564 est
1519 2497 1722 2547 utrum
1779 2479 2126 2548 Normanni
2178 2477 2486 2547 forbanno
2549 2481 2642 2546 usi

738 2611 867 2676 sint
915 2623 1055 2674 ante
1106 2607 1488 2674 invasionem
1509 2652 1534 2687 ,
1601 2609 1700 2674 sin
1748 2625 1897 2674 vero
1939 2607 2094 2675 illud
2145 2627 2182 2674 a
2227 2607 2474 2674 Francis
2517 2627 2646 2672 mu·
2706 2602 2712 2610 ‘

740 2735 897 2802 tuati
986 2734 1138 2802 sint.
1254 2733 1621 2801 verosimile
1700 2747 1904 2802 tamen
1969 2733 2049 2802 ab
2132 2749 2388 2819 utraque
2461 2751 2638 2818 gente

746 2863 978 2948 aliquid
1044 2859 1417 2930 confluxisse
1478 2879 1549 2928 ac
1625 2860 1790 2928 sicut
1852 2863 1917 2928 in
1987 2863 2236 2930 cacteris
2283 2882 2354 2928 se
2411 2863 2645 2928 Franco

753 2993 1077 3062 Gallorum
1130 2989 1379 3074 linguae
1434 2989 2011 3072 accommodarunt,
2075 2991 2162 3056 ita
2209 2987 2488 3056 forbanni
2537 3009 2648 3055 no-

750 3139 892 3190 men
930 3119 1220 3218 tribuisae
1250 3115 1572 3200 utlagariae
1596 3162 1623 3198 ,
1673 3113 1836 3200 quae'
1877 3117 2000 3199 iis,
2050 3130 2120 3182 ut
2156 3118 2386 3196 Danis,
2429 3118 2648 3200 Anglis

752 3265 937 3334 atque
1007 3246 1254 3332 reliquis
1322 3245 1610 3328 Europae
1678 3243 2157 3327 septentrionalis
2231 3247 2449 3312 incolis
2509 3264 2655 3326 pro·

752 3379 886 3464 pria
936 3377 1077 3464 (29
1091 3379 1154 3462 ).
1234 3373 1363 3444 Res
1414 3388 1615 3442 tamen
1661 3374 1874 3442 eodem
1929 3373 2124 3456 redit,
2185 3391 2324 3440 nam
2363 3373 2648 3456 quamvis

2503 3512 2767 3586 -ut,

849 3666 1002 3731 (29)
1060 3667 1213 3734 Quod
1272 3667 1403 3720 enim
1460 3666 1734 3721 Nomanni
1777 3668 2020 3730 eandem,
2069 3680 2216 3730 qnam
2278 3666 2414 3718 Dani
2443 3666 2648 3730 patriam

764 3751 1028 3802 habuerint
1084 3753 1175 3804 vix
1232 3753 1281 3802 ln
1328 3751 1536 3804 dahiurn
1592 3763 1833 3815 vocatur,
1881 3762 2127 3804 testantur
2167 3751 2291 3802 illud
2332 3751 2652 3802 vetustissimi

768 3834 1069 3897 scriptores,
1102 3849 1229 3896 quoa
1245 3835 1363 3886 vide
1394 3849 1483 3898 ap.
1510 3838 1760 3904 Ludwig.
1782 3838 2069 3901 Reliquiae
2101 3837 2460 3901 Manuscript.
2511 3836 2652 3888 Tem.

767 3918 868 3976 lx.
916 3931 974 3987 p.
1016 3917 1089 3980 6,
1134 3919 1165 3967 8
1213 3928 1267 3969 et
1317 3931 1400 3982 13.
1448 3929 1503 3972 et
1533 3920 1716 3976 aubis
1753 3921 1836 3974 De
1878 3919 2200 3974 similitudine
2239 3917 2488 3983 regiminis
2517 3917 2654 3978 apud

2541 4003 2654 4052 Da·
