3000 4917
1248 361 1491 422 =
2195 360 2330 432 2⁰5
2395 369 2398 372 ’

426 547 675 616 tiantur.
762 545 1117 613 Cavendum
1157 543 1343 629 igitur
1362 588 1389 628 ,
1443 564 1525 613 ne
1576 542 1940 630 utlagationi
1961 589 1987 627 ,
2041 560 2153 611 seu
2201 539 2332 610 fot·

438 678 639 743 banuo
694 676 1033 741 tribuamus
1092 691 1176 764 'ea
1206 719 1232 756 ,
1312 692 1465 757 quae
1526 675 1702 742 aliam
1771 673 2026 740 habent·
2059 689 2329 738 causam.

431 805 790 888 Inlagationi
843 803 1137 868 continuo
1190 804 1531 886 opponitur
1584 804 1793 886 (46).
1877 803 1978 868 Ex
2027 799 2166 884 ipso
2221 797 2339 882 igi-

430 948 532 998 tur
594 933 923 1000 verborum
975 944 1201 1011 sensu,
1276 930 1447 1010 quod
1515 928 1629 994 hac
1678 927 2020 1007 amittitur,
2081 928 2182 992 illa
2241 943 2336 992 re-

434 1073 780 1141 cuperatur.
911 1053 1216 1120 Praeterea
1305 1054 1634 1120 tenendum
1652 1099 1679 1135 ,
1775 1053 1848 1150 ¹in
1933 1069 2146 1136 genere
2229 1073 2340 1136 pa·

440 1207 574 1259 cem
592 1233 617 1268 ,
676 1202 904 1270 corpus
925 1227 952 1265 ,
1014 1182 1349 1248 membrum
1423 1183 1522 1249 vel
1591 1182 1753 1251 bona
1806 1177 2156 1248 forisfaceret
2217 1179 2339 1245 dici

442 1333 551 1381 eos
572 1359 597 1394 ,
684 1313 793 1397 qui
859 1308 1091 1376 crimen
1169 1307 1564 1404 committunt
1584 1353 1610 1390 ,
1686 1309 1789 1375 cui
1851 1325 2053 1392 poena
2113 1307 2339 1394 utlaga-

441 1447 534 1508 tio
554 1486 579 1521 ,
630 1438 1012 1522 supplicium
1045 1436 1145 1503 vel
1191 1435 1577 1503 confiscatio.
1661 1439 2133 1520 Factae-igitur
2170 1434 2341 1519 pacis
2440 1447 2475 1466 ··

446 1587 627 1648 reus,
672 1567 923 1650 proprie
958 1584 1187 1647 corpus
1240 1581 1303 1632 et
1350 1568 1515 1636 bona
1560 1567 1857 1651 forfacit,
1901 1569 2072 1651 quod
2106 1567 2162 1633 si
2198 1583 2347 1632 con·

446 1709 657 1776 tumax
728 1696 857 1775 sit,
920 1694 995 1759 de
1060 1710 1135 1758 eo
1194 1712 1394 1777 poena
1464 1698 1802 1780 corporalis
1872 1696 2031 1761 sumi
2089 1693 2348 1775 nequit,

454 1822 640 1906 hujus
695 1821 839 1886 loco
874 1821 996 1904 jam
1049 1838 1197 1902 pace
1251 1823 1526 1903 privatur
1551 1867 1577 1904 ,
1635 1823 2012 1902 excluditur,
2071 1833 2350 1886 manente

455 1965 658 2016 tamen
701 1949 1005 2016 bonorum
1054 1944 1211 2012 foris
1253 1943 1518 2014 factura.
1604 1947 1768 2014 Hinc
1813 1965 1926 2013 nec
1958 1944 2352 2030 foq‘uratione

458 2080 608 2144 haec
659 2089 1093 2142 conservantur
1112 2118 1140 2156 ,
1199 2093 1313 2141 nec
1367 2075 1741 2159 inlagatione
1791 2077 1871 2144 ad
1917 2076 2352 2161 patrimonium

450 2206 732 2272 redeunt.

540 2329 843 2417 Quamvis
876 2321 1077 2413 ‘igitur
1132 2345 1332 2396 revera
1390 2325 1776 2394 forbannitus
1829 2327 2001 2413 Lege
2048 2329 2359 2396 Normau·

394 2525 399 2532 ,
453 2458 590 2526 nica
638 2461 736 2525 vel
792 2459 936 2540 ille,
1022 2457 1129 2540 qui
1196 2455 1451 2540 patriam
1525 2449 1891 2541 forjuravit,
1974 2475 2179 2523 revera
2239 2457 2351 2522 hac

453 2605 653 2670 poena
691 2587 842 2652 nihil
887 2600 1123 2671 praeter
1164 2583 1552 2650 securitatem
1585 2584 1814 2650 amittat
1831 2631 1858 2665 ‚
1906 2584 1963 2650 si
2015 2584 2212 2652 Civile
2265 2577 2359 2650 di·'

450 2733 589 2814 ‘cere
632 2717 890 2782 velimus
944 2714 1098 2780 illud
1124 2757 1150 2794 ,
1213 2712 1382 2797 quod
1437 2710 1637 2777 civem
1693 2712 2019 2779 constituit
2064 2731 2136 2778 ac
2171 2730 2359 2795 prop-

456 2857 618 2909 terea
650 2857 925 2908 mortem
973 2843 1215 2909 civilem
1258 2841 1417 2924 juris
1448 2815 1665 2905 'civilis
1716 2840 2115 2926 privationem
2140 2884 2165 2919 ,
2223 2838 2357 2905 nul-

462 2970 587 3034 lum
662 2967 915 3034 dubium
990 2983 1082 3034 est
1104 3013 1130 3048 ,
1210 2968 1359 3050 quin
1434 2968 1519 3032 ita
1577 2965 1965 3032 forbannitus
2018 2966 2353 3030 secundum

462 3095 806 3177 analogiam
838 3095 962 3159 dici
993 3094 1264 3176 potuerit
1292 3093 1572 3160 civiliter
1605 3105 1914 3158 mortuus.
1998 3092 2156 3156 Illud
2199 3091 2360 3156 enim

469 3223 639 3306 pacis
709 3237 960 3303 pactum
1029 3221 1107 3285 de
1174 3238 1301 3302 quo
1365 3237 1549 3302 supra
1629 3219 1866 3300 egimus
1950 3217 2360 3286 Notmandiae

460 3349 658 3415 Ducis
689 3347 971 3432 ⁸subditis
1022 3353 1037 3426 ξ
1042 3343 1357 3429 proprium
1403 3358 1549 3428 est,
1594 3345 1718 3410 hoc
1753 3345 2003 3412 nomine
2037 3349 2220 3414 ,cives
2269 3347 2364 3414 di-

471 3491 733 3558 cuntur,
814 3489 962 3542 sunt
1015 3473 1383 3541 Normanni.
1468 3473 1719 3555 Reliqui
1775 3492 1920 3540 vero
1974 3473 2205 3540 Galliae
2263 3477 2359 3542 in·

460 3604 633 3672 colae
678 3571 1217 3686 quamvis,eodem
1260 3600 1419 3686 Regi
1476 3617 1757 3685 pareant,
1817 3602 2031 3670 horum
2081 3605 2354 3685 ratione,

2209 3751 2366 3816 quo-

564 3875 721 3942 (46)
766 3875 888 3933 LL.
936 3877 1124 3929 Not-m.
1160 3878 1221 3930 C.
1271 3892 1353 3942 23.
1399 3877 1451 3940 ς.
1495 3889 1548 3930 1.
1600 3891 1749 3942 seqq·

736 3955 741 3962 Ι
1364 3983 1420 4050 C
1441 4001 1476 4048 c
1523 4003 1558 4066 3
