<?xml version="1.0" encoding="UTF-8"?>
<!DOCTYPE html PUBLIC "-//W3C//DTD XHTML 1.0 Transitional//EN"
    "http://www.w3.org/TR/xhtml1/DTD/xhtml1-transitional.dtd">
<html xmlns="http://www.w3.org/1999/xhtml" xml:lang="en" lang="en">
 <head>
  <title>
</title>
<meta http-equiv="Content-Type" content="text/html;charset=utf-8" />
  <meta name='ocr-system' content='tesseract 3.04.00' />
  <meta name='ocr-capabilities' content='ocr_page ocr_carea ocr_par ocr_line ocrx_word'/>
</head>
<body>
  <div class='ocr_page' id='page_1' title='image "./demortecivili00unkngoog_0207.png"; bbox 0 0 3000 4917; ppageno 0'>
   <div class='ocr_carea' id='block_1_1' title="bbox 1220 380 2301 458">
    <p class='ocr_par' dir='ltr' id='par_1_1' title="bbox 1220 380 2301 458">
     <span class='ocr_line' id='line_1_1' title="bbox 1220 380 2301 458; baseline 0.003 -19"><span class='ocrx_word' id='word_1_1' title='bbox 1220 380 1465 440; x_wconf 89' lang='grc'>...-.-·..-·.·.-..</span> <span class='ocrx_word' id='word_1_2' title='bbox 2069 433 2072 438; x_wconf 93' lang='grc'>.</span> <span class='ocrx_word' id='word_1_3' title='bbox 2175 385 2301 458; x_wconf 66' lang='lat'>191</span> 
     </span>
    </p>
   </div>
   <div class='ocr_carea' id='block_1_2' title="bbox 406 561 2328 3860">
    <p class='ocr_par' dir='ltr' id='par_1_2' title="bbox 406 561 2328 3470">
     <span class='ocr_line' id='line_1_2' title="bbox 412 561 2305 664; baseline 0.001 -28"><span class='ocrx_word' id='word_1_4' title='bbox 412 567 582 638; x_wconf 83' lang='lat' dir='ltr'>nium</span> <span class='ocrx_word' id='word_1_5' title='bbox 652 584 699 632; x_wconf 85' lang='lat' dir='ltr'>a</span> <span class='ocrx_word' id='word_1_6' title='bbox 776 561 1193 632; x_wconf 80' lang='lat' dir='ltr'>valvasoribus</span> <span class='ocrx_word' id='word_1_7' title='bbox 1272 576 1477 656; x_wconf 82' lang='lat' dir='ltr'>petere</span> <span class='ocrx_word' id='word_1_8' title='bbox 1570 575 1854 664; x_wconf 71' lang='lat' dir='ltr'>possent·</span> <span class='ocrx_word' id='word_1_9' title='bbox 1951 563 2050 634; x_wconf 80' lang='lat' dir='ltr'>Ea</span> <span class='ocrx_word' id='word_1_10' title='bbox 2095 583 2305 638; x_wconf 80' lang='lat' dir='ltr'>rerum</span> 
     </span>
     <span class='ocr_line' id='line_1_3' title="bbox 412 687 2309 774; baseline 0.001 -12"><span class='ocrx_word' id='word_1_11' title='bbox 412 691 685 768; x_wconf 83' lang='lat' dir='ltr'>conditio</span> <span class='ocrx_word' id='word_1_12' title='bbox 706 737 733 774; x_wconf 91' lang='lat'>‚</span> <span class='ocrx_word' id='word_1_13' title='bbox 770 691 860 760; x_wconf 83' lang='lat' dir='ltr'>uti</span> <span class='ocrx_word' id='word_1_14' title='bbox 902 693 968 760; x_wconf 86' lang='lat' dir='ltr'>in</span> <span class='ocrx_word' id='word_1_15' title='bbox 1000 691 1290 774; x_wconf 87' lang='lat' dir='ltr'>caeteris,</span> <span class='ocrx_word' id='word_1_16' title='bbox 1322 692 1407 757; x_wconf 88' lang='lat' dir='ltr'>ita</span> <span class='ocrx_word' id='word_1_17' title='bbox 1454 691 1521 758; x_wconf 91' lang='lat' dir='ltr'>in</span> <span class='ocrx_word' id='word_1_18' title='bbox 1571 687 1875 762; x_wconf 78' lang='lat' dir='ltr'>forbanno</span> <span class='ocrx_word' id='word_1_19' title='bbox 1925 708 2309 764; x_wconf 78' lang='lat' dir='ltr'><strong>momentum</strong></span> 
     </span>
     <span class='ocr_line' id='line_1_4' title="bbox 409 818 2309 905; baseline 0.001 -17"><span class='ocrx_word' id='word_1_20' title='bbox 409 822 643 904; x_wconf 75' lang='lat' dir='ltr'>habuit.</span> <span class='ocrx_word' id='word_1_21' title='bbox 718 819 898 889; x_wconf 83' lang='lat' dir='ltr'>Hanc</span> <span class='ocrx_word' id='word_1_22' title='bbox 943 818 1103 887; x_wconf 86' lang='lat' dir='ltr'>enim</span> <span class='ocrx_word' id='word_1_23' title='bbox 1150 819 1219 886; x_wconf 90' lang='lat' dir='ltr'>in</span> <span class='ocrx_word' id='word_1_24' title='bbox 1265 835 1445 895; x_wconf 78' lang='lat' dir='ltr'>usum</span> <span class='ocrx_word' id='word_1_25' title='bbox 1488 834 1672 885; x_wconf 85' lang='lat' dir='ltr'>suum</span> <span class='ocrx_word' id='word_1_26' title='bbox 1722 831 2074 891; x_wconf 72' lang='lat' dir='ltr'>convertere</span> <span class='ocrx_word' id='word_1_27' title='bbox 2125 835 2309 905; x_wconf 88' lang='lat' dir='ltr'>pote-</span> 
     </span>
     <span class='ocr_line' id='line_1_5' title="bbox 406 943 2308 1032; baseline 0.002 -18"><span class='ocrx_word' id='word_1_28' title='bbox 406 963 549 1032; x_wconf 73' lang='lat' dir='ltr'>runt</span> <span class='ocrx_word' id='word_1_29' title='bbox 581 946 1029 1019; x_wconf 82' lang='lat' dir='ltr'>Germanorum</span> <span class='ocrx_word' id='word_1_30' title='bbox 1061 943 1309 1029; x_wconf 86' lang='lat' dir='ltr'>Reges,</span> <span class='ocrx_word' id='word_1_31' title='bbox 1364 961 1506 1010; x_wconf 91' lang='lat' dir='ltr'>cum</span> <span class='ocrx_word' id='word_1_32' title='bbox 1557 961 1668 1027; x_wconf 87' lang='lat' dir='ltr'>ea,</span> <span class='ocrx_word' id='word_1_33' title='bbox 1713 962 1870 1028; x_wconf 82' lang='lat' dir='ltr'>quae</span> <span class='ocrx_word' id='word_1_34' title='bbox 1920 947 1988 1014; x_wconf 90' lang='lat' dir='ltr'>in</span> <span class='ocrx_word' id='word_1_35' title='bbox 2037 947 2308 1031; x_wconf 80' lang='lat' dir='ltr'>publicis</span> 
     </span>
     <span class='ocr_line' id='line_1_6' title="bbox 409 1071 2310 1165; baseline 0.001 -19"><span class='ocrx_word' id='word_1_36' title='bbox 409 1078 625 1165; x_wconf 81' lang='lat' dir='ltr'>populi</span> <span class='ocrx_word' id='word_1_37' title='bbox 671 1074 1077 1146; x_wconf 80' lang='lat' dir='ltr'>concionibus</span> <span class='ocrx_word' id='word_1_38' title='bbox 1124 1073 1259 1142; x_wconf 88' lang='lat' dir='ltr'>fieri</span> <span class='ocrx_word' id='word_1_39' title='bbox 1319 1073 1644 1155; x_wconf 85' lang='lat' dir='ltr'>solebant,</span> <span class='ocrx_word' id='word_1_40' title='bbox 1675 1072 1754 1141; x_wconf 83' lang='lat' dir='ltr'>ad</span> <span class='ocrx_word' id='word_1_41' title='bbox 1803 1071 2103 1144; x_wconf 86' lang='lat' dir='ltr'>nobilium</span> <span class='ocrx_word' id='word_1_42' title='bbox 2155 1095 2310 1148; x_wconf 83' lang='lat' dir='ltr'>con-</span> 
     </span>
     <span class='ocr_line' id='line_1_7' title="bbox 413 1202 2310 1298; baseline 0.002 -24"><span class='ocrx_word' id='word_1_43' title='bbox 413 1207 551 1274; x_wconf 84' lang='lat' dir='ltr'>silia</span> <span class='ocrx_word' id='word_1_44' title='bbox 592 1202 918 1275; x_wconf 82' lang='lat' dir='ltr'>deferrent.</span> <span class='ocrx_word' id='word_1_45' title='bbox 998 1204 1356 1286; x_wconf 83' lang='lat' dir='ltr'>Numquam</span> <span class='ocrx_word' id='word_1_46' title='bbox 1393 1220 1543 1270; x_wconf 86' lang='lat' dir='ltr'>vero</span> <span class='ocrx_word' id='word_1_47' title='bbox 1572 1202 1728 1298; x_wconf 81' lang='lat' dir='ltr'>illud</span> <span class='ocrx_word' id='word_1_48' title='bbox 1755 1221 2001 1288; x_wconf 85' lang='lat' dir='ltr'>sperare</span> <span class='ocrx_word' id='word_1_49' title='bbox 2027 1219 2310 1290; x_wconf 86' lang='lat' dir='ltr'>poterant</span> 
     </span>
     <span class='ocr_line' id='line_1_8' title="bbox 412 1331 2312 1420; baseline -0.001 -16"><span class='ocrx_word' id='word_1_50' title='bbox 412 1336 780 1404; x_wconf 77' lang='lat' dir='ltr'>Francorum</span> <span class='ocrx_word' id='word_1_51' title='bbox 820 1334 1019 1420; x_wconf 85' lang='lat' dir='ltr'>Reges</span> <span class='ocrx_word' id='word_1_52' title='bbox 1040 1379 1067 1418; x_wconf 86' lang='lat'>‚</span> <span class='ocrx_word' id='word_1_53' title='bbox 1102 1352 1369 1418; x_wconf 89' lang='lat' dir='ltr'>quorum</span> <span class='ocrx_word' id='word_1_54' title='bbox 1402 1348 1560 1400; x_wconf 86' lang='lat' dir='ltr'>vana</span> <span class='ocrx_word' id='word_1_55' title='bbox 1605 1342 1670 1395; x_wconf 91' lang='lat' dir='ltr'>et</span> <span class='ocrx_word' id='word_1_56' title='bbox 1718 1331 1994 1415; x_wconf 87' lang='lat' dir='ltr'>neglecta</span> <span class='ocrx_word' id='word_1_57' title='bbox 2043 1334 2312 1402; x_wconf 81' lang='lat' dir='ltr'>auctori-</span> 
     </span>
     <span class='ocr_line' id='line_1_9' title="bbox 411 1443 2318 1558; baseline 0 -26"><span class='ocrx_word' id='word_1_58' title='bbox 411 1479 535 1534; x_wconf 49' lang='lat' dir='ltr'>tas&amp;</span> <span class='ocrx_word' id='word_1_59' title='bbox 664 1443 1045 1546; x_wconf 80' lang='lat' dir='ltr'>Ar&#39;gumento</span> <span class='ocrx_word' id='word_1_60' title='bbox 1130 1461 1216 1530; x_wconf 91' lang='lat' dir='ltr'>sit</span> <span class='ocrx_word' id='word_1_61' title='bbox 1236 1506 1263 1543; x_wconf 87' lang='lat'>‚</span> <span class='ocrx_word' id='word_1_62' title='bbox 1340 1458 1511 1543; x_wconf 89' lang='lat' dir='ltr'>quod</span> <span class='ocrx_word' id='word_1_63' title='bbox 1600 1460 1748 1558; x_wconf 74' lang='lat' dir='ltr'>cium</span> <span class='ocrx_word' id='word_1_64' title='bbox 1821 1461 1890 1527; x_wconf 89' lang='lat' dir='ltr'>in</span> <span class='ocrx_word' id='word_1_65' title='bbox 1983 1459 2318 1532; x_wconf 70' lang='lat' dir='ltr'>Germania</span> 
     </span>
     <span class='ocr_line' id='line_1_10' title="bbox 410 1587 2315 1677; baseline 0.001 -17"><span class='ocrx_word' id='word_1_66' title='bbox 410 1606 552 1661; x_wconf 84' lang='lat' dir='ltr'>ante</span> <span class='ocrx_word' id='word_1_67' title='bbox 614 1607 985 1658; x_wconf 64' lang='lat' dir='ltr'>namurcum</span> <span class='ocrx_word' id='word_1_68' title='bbox 1054 1588 1170 1657; x_wconf 83' lang='lat' dir='ltr'>IV.</span> <span class='ocrx_word' id='word_1_69' title='bbox 1244 1608 1281 1655; x_wconf 86' lang='lat' dir='ltr'>a</span> <span class='ocrx_word' id='word_1_70' title='bbox 1342 1605 1690 1656; x_wconf 71' lang='lat' dir='ltr'>oaucomo</span> <span class='ocrx_word' id='word_1_71' title='bbox 1750 1587 1897 1657; x_wconf 84' lang='lat' dir='ltr'>VH.</span> <span class='ocrx_word' id='word_1_72' title='bbox 1957 1589 2124 1676; x_wconf 82' lang='lat' dir='ltr'>Papa</span> <span class='ocrx_word' id='word_1_73' title='bbox 2191 1610 2315 1677; x_wconf 65' lang='lat' dir='ltr'>op«</span> 
     </span>
     <span class='ocr_line' id='line_1_11' title="bbox 408 1716 2314 1807; baseline 0.001 -19"><span class='ocrx_word' id='word_1_74' title='bbox 408 1738 691 1807; x_wconf 84' lang='lat' dir='ltr'>pressum</span> <span class='ocrx_word' id='word_1_75' title='bbox 757 1719 965 1788; x_wconf 89' lang='lat' dir='ltr'>nullus</span> <span class='ocrx_word' id='word_1_76' title='bbox 1038 1716 1195 1806; x_wconf 33' lang='lat' dir='ltr'>Rex·</span> <span class='ocrx_word' id='word_1_77' title='bbox 1228 1720 1550 1804; x_wconf 86' lang='lat' dir='ltr'>depositus</span> <span class='ocrx_word' id='word_1_78' title='bbox 1593 1717 1782 1787; x_wconf 82' lang='lat' dir='ltr'>fuerit</span> <span class='ocrx_word' id='word_1_79' title='bbox 1800 1766 1828 1802; x_wconf 90' lang='lat'>‚</span> <span class='ocrx_word' id='word_1_80' title='bbox 1884 1720 2126 1789; x_wconf 88' lang='lat' dir='ltr'>decimo</span> <span class='ocrx_word' id='word_1_81' title='bbox 2179 1739 2314 1790; x_wconf 75' lang='lat' dir='ltr'>sae-</span> 
     </span>
     <span class='ocr_line' id='line_1_12' title="bbox 410 1843 2328 1920; baseline 0.001 -2"><span class='ocrx_word' id='word_1_82' title='bbox 410 1853 558 1918; x_wconf 84' lang='lat' dir='ltr'>culo</span> <span class='ocrx_word' id='word_1_83' title='bbox 592 1849 659 1918; x_wconf 88' lang='lat' dir='ltr'>in</span> <span class='ocrx_word' id='word_1_84' title='bbox 712 1844 957 1914; x_wconf 80' lang='lat' dir='ltr'>Francia</span> <span class='ocrx_word' id='word_1_85' title='bbox 1000 1843 1179 1912; x_wconf 85' lang='lat' dir='ltr'>haud·</span> <span class='ocrx_word' id='word_1_86' title='bbox 1216 1847 1405 1914; x_wconf 89' lang='lat' dir='ltr'>semel</span> <span class='ocrx_word' id='word_1_87' title='bbox 1432 1846 1802 1915; x_wconf 83' lang='lat' dir='ltr'>Parisiorum</span> <span class='ocrx_word' id='word_1_88' title='bbox 1833 1846 2120 1918; x_wconf 81' lang='lat' dir='ltr'>Comites</span> <span class='ocrx_word' id='word_1_89' title='bbox 2159 1848 2328 1920; x_wconf 83' lang='lat' dir='ltr'>vivo‘</span> 
     </span>
     <span class='ocr_line' id='line_1_13' title="bbox 408 1973 2314 2064; baseline -0.001 -17"><span class='ocrx_word' id='word_1_90' title='bbox 408 1979 583 2064; x_wconf 84' lang='lat' dir='ltr'>Rege</span> <span class='ocrx_word' id='word_1_91' title='bbox 614 1991 919 2063; x_wconf 85' lang='lat' dir='ltr'>sceptrum</span> <span class='ocrx_word' id='word_1_92' title='bbox 944 1979 1238 2042; x_wconf 82' lang='lat' dir='ltr'>tenerent.</span> <span class='ocrx_word' id='word_1_93' title='bbox 1298 1976 1370 2042; x_wconf 92' lang='lat' dir='ltr'>In</span> <span class='ocrx_word' id='word_1_94' title='bbox 1402 1973 1728 2045; x_wconf 74' lang='lat' dir='ltr'>Germania</span> <span class='ocrx_word' id='word_1_95' title='bbox 1752 1977 1894 2044; x_wconf 91' lang='lat' dir='ltr'>licet</span> <span class='ocrx_word' id='word_1_96' title='bbox 1933 1977 2090 2044; x_wconf 88' lang='lat' dir='ltr'>Otto</span> <span class='ocrx_word' id='word_1_97' title='bbox 2127 1979 2314 2063; x_wconf 82' lang='lat' dir='ltr'>Mag·-</span> 
     </span>
     <span class='ocr_line' id='line_1_14' title="bbox 410 2104 2314 2189; baseline -0.001 -14"><span class='ocrx_word' id='word_1_98' title='bbox 410 2126 531 2175; x_wconf 89' lang='lat' dir='ltr'>nus</span> <span class='ocrx_word' id='word_1_99' title='bbox 558 2110 741 2176; x_wconf 85' lang='lat' dir='ltr'>etiam</span> <span class='ocrx_word' id='word_1_100' title='bbox 772 2125 901 2175; x_wconf 89' lang='lat' dir='ltr'>non</span> <span class='ocrx_word' id='word_1_101' title='bbox 936 2104 1287 2189; x_wconf 86' lang='lat' dir='ltr'>petentibus</span> <span class='ocrx_word' id='word_1_102' title='bbox 1324 2106 1562 2173; x_wconf 88' lang='lat' dir='ltr'>veniam</span> <span class='ocrx_word' id='word_1_103' title='bbox 1600 2126 1635 2173; x_wconf 90' lang='lat' dir='ltr'>a</span> <span class='ocrx_word' id='word_1_104' title='bbox 1685 2104 2012 2174; x_wconf 89' lang='lat' dir='ltr'>rebellione</span> <span class='ocrx_word' id='word_1_105' title='bbox 2055 2124 2314 2176; x_wconf 84' lang='lat' dir='ltr'>conces-</span> 
     </span>
     <span class='ocr_line' id='line_1_15' title="bbox 416 2229 2312 2320; baseline -0.001 -15"><span class='ocrx_word' id='word_1_106' title='bbox 416 2237 567 2306; x_wconf 82' lang='lat' dir='ltr'>serit</span> <span class='ocrx_word' id='word_1_107' title='bbox 584 2281 611 2318; x_wconf 86' lang='lat'><strong>,</strong></span> <span class='ocrx_word' id='word_1_108' title='bbox 637 2239 831 2302; x_wconf 78' lang='lat' dir='ltr'>laesae</span> <span class='ocrx_word' id='word_1_109' title='bbox 862 2235 1193 2320; x_wconf 82' lang='lat' dir='ltr'>majestatis</span> <span class='ocrx_word' id='word_1_110' title='bbox 1229 2253 1301 2302; x_wconf 87' lang='lat' dir='ltr'>ac</span> <span class='ocrx_word' id='word_1_111' title='bbox 1331 2234 1502 2319; x_wconf 88' lang='lat' dir='ltr'>pacis</span> <span class='ocrx_word' id='word_1_112' title='bbox 1537 2229 1764 2302; x_wconf 86' lang='lat' dir='ltr'>fractae</span> <span class='ocrx_word' id='word_1_113' title='bbox 1803 2237 1892 2302; x_wconf 89' lang='lat' dir='ltr'>rei</span> <span class='ocrx_word' id='word_1_114' title='bbox 1909 2234 2164 2304; x_wconf 85' lang='lat' dir='ltr'>rebelles</span> <span class='ocrx_word' id='word_1_115' title='bbox 2203 2235 2312 2304; x_wconf 87' lang='lat' dir='ltr'>ha-</span> 
     </span>
     <span class='ocr_line' id='line_1_16' title="bbox 414 2363 2310 2448; baseline -0.001 -15"><span class='ocrx_word' id='word_1_116' title='bbox 414 2365 737 2434; x_wconf 87' lang='lat' dir='ltr'>bebantur.</span> <span class='ocrx_word' id='word_1_117' title='bbox 824 2364 1053 2432; x_wconf 89' lang='lat' dir='ltr'>Verum</span> <span class='ocrx_word' id='word_1_118' title='bbox 1104 2365 1209 2432; x_wconf 83' lang='lat' dir='ltr'>vix</span> <span class='ocrx_word' id='word_1_119' title='bbox 1256 2385 1329 2433; x_wconf 89' lang='lat' dir='ltr'>ea</span> <span class='ocrx_word' id='word_1_120' title='bbox 1372 2367 1532 2433; x_wconf 90' lang='lat' dir='ltr'>inter</span> <span class='ocrx_word' id='word_1_121' title='bbox 1603 2365 1853 2432; x_wconf 89' lang='lat' dir='ltr'>crimina</span> <span class='ocrx_word' id='word_1_122' title='bbox 1903 2365 2068 2448; x_wconf 82' lang='lat' dir='ltr'>apud</span> <span class='ocrx_word' id='word_1_123' title='bbox 2123 2363 2310 2432; x_wconf 82' lang='lat' dir='ltr'>Fran·-</span> 
     </span>
     <span class='ocr_line' id='line_1_17' title="bbox 415 2493 2309 2580; baseline -0.001 -19"><span class='ocrx_word' id='word_1_124' title='bbox 415 2512 531 2561; x_wconf 86' lang='lat' dir='ltr'>cos</span> <span class='ocrx_word' id='word_1_125' title='bbox 602 2507 750 2559; x_wconf 87' lang='lat' dir='ltr'>tnnc</span> <span class='ocrx_word' id='word_1_126' title='bbox 828 2497 1123 2563; x_wconf 87' lang='lat' dir='ltr'>recensita</span> <span class='ocrx_word' id='word_1_127' title='bbox 1188 2493 1385 2563; x_wconf 85' lang='lat' dir='ltr'>fuisse</span> <span class='ocrx_word' id='word_1_128' title='bbox 1456 2497 1684 2564; x_wconf 90' lang='lat' dir='ltr'>docent</span> <span class='ocrx_word' id='word_1_129' title='bbox 1744 2495 1986 2580; x_wconf 84' lang='lat' dir='ltr'>Regum</span> <span class='ocrx_word' id='word_1_130' title='bbox 2068 2493 2309 2575; x_wconf 66' lang='lat' dir='ltr'>edicta,</span> 
     </span>
     <span class='ocr_line' id='line_1_18' title="bbox 412 2615 2307 2704; baseline 0.001 -18"><span class='ocrx_word' id='word_1_131' title='bbox 412 2620 637 2703; x_wconf 80' lang='lat' dir='ltr'>quibus</span> <span class='ocrx_word' id='word_1_132' title='bbox 686 2615 891 2704; x_wconf 78' lang='lat' dir='ltr'>justae</span> <span class='ocrx_word' id='word_1_133' title='bbox 948 2620 1239 2700; x_wconf 82' lang='lat' dir='ltr'>adversus</span> <span class='ocrx_word' id='word_1_134' title='bbox 1291 2640 1360 2688; x_wconf 86' lang='lat' dir='ltr'>se</span> <span class='ocrx_word' id='word_1_135' title='bbox 1423 2622 1718 2692; x_wconf 87' lang='lat' dir='ltr'>bellorum</span> <span class='ocrx_word' id='word_1_136' title='bbox 1783 2640 2002 2690; x_wconf 86' lang='lat' dir='ltr'>causae</span> <span class='ocrx_word' id='word_1_137' title='bbox 2056 2638 2307 2688; x_wconf 76' lang='lat' dir='ltr'>enume-</span> 
     </span>
     <span class='ocr_line' id='line_1_19' title="bbox 414 2746 2314 2834; baseline 0 -18"><span class='ocrx_word' id='word_1_138' title='bbox 414 2759 662 2828; x_wconf 80' lang='lat' dir='ltr'>rantur,</span> <span class='ocrx_word' id='word_1_139' title='bbox 704 2764 777 2813; x_wconf 89' lang='lat' dir='ltr'>ac</span> <span class='ocrx_word' id='word_1_140' title='bbox 815 2764 1109 2832; x_wconf 83' lang='lat' dir='ltr'>personae</span> <span class='ocrx_word' id='word_1_141' title='bbox 1128 2791 1152 2831; x_wconf 91' lang='lat'><strong>,</strong></span> <span class='ocrx_word' id='word_1_142' title='bbox 1205 2746 1437 2832; x_wconf 87' lang='lat' dir='ltr'>quibus</span> <span class='ocrx_word' id='word_1_143' title='bbox 1479 2763 1834 2834; x_wconf 87' lang='lat' dir='ltr'>competant</span> <span class='ocrx_word' id='word_1_144' title='bbox 1875 2770 1950 2816; x_wconf 84' lang='lat' dir='ltr'>ac</span> <span class='ocrx_word' id='word_1_145' title='bbox 1986 2747 2190 2818; x_wconf 83' lang='lat' dir='ltr'>forma</span> <span class='ocrx_word' id='word_1_146' title='bbox 2219 2767 2314 2816; x_wconf 89' lang='lat' dir='ltr'>re-</span> 
     </span>
     <span class='ocr_line' id='line_1_20' title="bbox 406 2871 2312 2962; baseline 0.001 -23"><span class='ocrx_word' id='word_1_147' title='bbox 406 2871 672 2939; x_wconf 88' lang='lat' dir='ltr'>bellandi</span> <span class='ocrx_word' id='word_1_148' title='bbox 703 2871 1094 2940; x_wconf 87' lang='lat' dir='ltr'>definiuntur.</span> <span class='ocrx_word' id='word_1_149' title='bbox 1182 2873 1283 2939; x_wconf 88' lang='lat' dir='ltr'>Sic</span> <span class='ocrx_word' id='word_1_150' title='bbox 1318 2875 1499 2941; x_wconf 87' lang='lat' dir='ltr'>etiam</span> <span class='ocrx_word' id='word_1_151' title='bbox 1541 2874 1791 2959; x_wconf 87' lang='lat' dir='ltr'>Regalia</span> <span class='ocrx_word' id='word_1_152' title='bbox 1830 2878 1966 2962; x_wconf 83' lang='lat' dir='ltr'>jura</span> <span class='ocrx_word' id='word_1_153' title='bbox 1997 2877 2074 2942; x_wconf 89' lang='lat' dir='ltr'>iis</span> <span class='ocrx_word' id='word_1_154' title='bbox 2121 2874 2312 2959; x_wconf 87' lang='lat' dir='ltr'>perie-</span> 
     </span>
     <span class='ocr_line' id='line_1_21' title="bbox 410 2997 2304 3083; baseline -0.001 -15"><span class='ocrx_word' id='word_1_155' title='bbox 410 3020 477 3067; x_wconf 90' lang='lat' dir='ltr'>re</span> <span class='ocrx_word' id='word_1_156' title='bbox 491 3019 519 3083; x_wconf 78' lang='lat'>3</span> <span class='ocrx_word' id='word_1_157' title='bbox 532 3019 605 3068; x_wconf 88' lang='lat' dir='ltr'>ac</span> <span class='ocrx_word' id='word_1_158' title='bbox 625 2997 985 3066; x_wconf 86' lang='lat' dir='ltr'>confiscatio</span> <span class='ocrx_word' id='word_1_159' title='bbox 1004 3042 1033 3080; x_wconf 88' lang='lat'><strong>,</strong></span> <span class='ocrx_word' id='word_1_160' title='bbox 1059 2998 1335 3082; x_wconf 79' lang='lat' dir='ltr'>iustitiae</span> <span class='ocrx_word' id='word_1_161' title='bbox 1385 2999 1830 3067; x_wconf 87' lang='lat' dir='ltr'>administratio</span> <span class='ocrx_word' id='word_1_162' title='bbox 1853 3043 1880 3082; x_wconf 90' lang='lat'><strong>,</strong></span> <span class='ocrx_word' id='word_1_163' title='bbox 1910 2999 2103 3068; x_wconf 88' lang='lat' dir='ltr'>verbo</span> <span class='ocrx_word' id='word_1_164' title='bbox 2136 3016 2304 3066; x_wconf 87' lang='lat' dir='ltr'>sum-</span> 
     </span>
     <span class='ocr_line' id='line_1_22' title="bbox 406 3125 2308 3212; baseline -0.002 -15"><span class='ocrx_word' id='word_1_165' title='bbox 406 3147 578 3197; x_wconf 87' lang='lat' dir='ltr'>mum</span> <span class='ocrx_word' id='word_1_166' title='bbox 640 3126 957 3212; x_wconf 84' lang='lat' dir='ltr'>imperium</span> <span class='ocrx_word' id='word_1_167' title='bbox 1036 3147 1071 3194; x_wconf 90' lang='lat' dir='ltr'>a</span> <span class='ocrx_word' id='word_1_168' title='bbox 1121 3126 1292 3211; x_wconf 86' lang='lat' dir='ltr'>Rege</span> <span class='ocrx_word' id='word_1_169' title='bbox 1342 3127 1421 3193; x_wconf 87' lang='lat' dir='ltr'>ad</span> <span class='ocrx_word' id='word_1_170' title='bbox 1475 3125 1716 3195; x_wconf 84' lang='lat' dir='ltr'>nobiles</span> <span class='ocrx_word' id='word_1_171' title='bbox 1767 3129 2147 3212; x_wconf 82' lang='lat' dir='ltr'>potentiores</span> <span class='ocrx_word' id='word_1_172' title='bbox 2189 3127 2308 3196; x_wconf 85' lang='lat' dir='ltr'>mi-</span> 
     </span>
     <span class='ocr_line' id='line_1_23' title="bbox 407 3255 2305 3342; baseline 0.001 -20"><span class='ocrx_word' id='word_1_173' title='bbox 407 3255 605 3342; x_wconf 78' lang='lat' dir='ltr'>gravit</span> <span class='ocrx_word' id='word_1_174' title='bbox 627 3298 654 3336; x_wconf 88' lang='lat'><strong>‚</strong></span> <span class='ocrx_word' id='word_1_175' title='bbox 703 3273 819 3323; x_wconf 90' lang='lat' dir='ltr'>nec</span> <span class='ocrx_word' id='word_1_176' title='bbox 893 3256 1227 3339; x_wconf 77' lang='lat' dir='ltr'>quidquam</span> <span class='ocrx_word' id='word_1_177' title='bbox 1296 3257 1389 3324; x_wconf 90' lang='lat' dir='ltr'>illi</span> <span class='ocrx_word' id='word_1_178' title='bbox 1458 3270 1697 3340; x_wconf 81' lang='lat' dir='ltr'>praeter</span> <span class='ocrx_word' id='word_1_179' title='bbox 1765 3255 2010 3322; x_wconf 86' lang='lat' dir='ltr'>titulum</span> <span class='ocrx_word' id='word_1_180' title='bbox 2031 3305 2056 3338; x_wconf 91' lang='lat'>‚</span> <span class='ocrx_word' id='word_1_181' title='bbox 2121 3275 2305 3341; x_wconf 86' lang='lat' dir='ltr'>quem</span> 
     </span>
     <span class='ocr_line' id='line_1_24' title="bbox 406 3384 2300 3470; baseline -0.001 -16"><span class='ocrx_word' id='word_1_182' title='bbox 406 3385 625 3454; x_wconf 89' lang='lat' dir='ltr'>deinde</span> <span class='ocrx_word' id='word_1_183' title='bbox 653 3384 847 3469; x_wconf 86' lang='lat' dir='ltr'>Hugo</span> <span class='ocrx_word' id='word_1_184' title='bbox 882 3387 1187 3468; x_wconf 87' lang='lat' dir='ltr'>Capetum</span> <span class='ocrx_word' id='word_1_185' title='bbox 1223 3385 1346 3453; x_wconf 88' lang='lat' dir='ltr'>sibi</span> <span class='ocrx_word' id='word_1_186' title='bbox 1392 3387 1765 3470; x_wconf 87' lang='lat' dir='ltr'>comparavit</span> <span class='ocrx_word' id='word_1_187' title='bbox 1783 3432 1809 3469; x_wconf 89' lang='lat'><strong>,</strong></span> <span class='ocrx_word' id='word_1_188' title='bbox 1849 3387 2128 3454; x_wconf 87' lang='lat' dir='ltr'>relictum</span> <span class='ocrx_word' id='word_1_189' title='bbox 2178 3399 2300 3453; x_wconf 89' lang='lat' dir='ltr'>est.</span> 
     </span>
    </p>

    <p class='ocr_par' dir='ltr' id='par_1_3' title="bbox 406 3512 2304 3860">
     <span class='ocr_line' id='line_1_25' title="bbox 488 3512 2304 3600; baseline 0 -19"><span class='ocrx_word' id='word_1_190' title='bbox 488 3513 585 3583; x_wconf 80' lang='lat' dir='ltr'>lta</span> <span class='ocrx_word' id='word_1_191' title='bbox 632 3512 993 3584; x_wconf 82' lang='lat' dir='ltr'>forbannum</span> <span class='ocrx_word' id='word_1_192' title='bbox 1029 3518 1341 3599; x_wconf 88' lang='lat' dir='ltr'>proprium</span> <span class='ocrx_word' id='word_1_193' title='bbox 1359 3563 1385 3599; x_wconf 86' lang='lat'><strong>,</strong></span> <span class='ocrx_word' id='word_1_194' title='bbox 1444 3536 1574 3600; x_wconf 89' lang='lat' dir='ltr'>quo</span> <span class='ocrx_word' id='word_1_195' title='bbox 1624 3519 2062 3588; x_wconf 80' lang='lat' dir='ltr'>condemnatus</span> <span class='ocrx_word' id='word_1_196' title='bbox 2107 3518 2304 3583; x_wconf 85' lang='lat' dir='ltr'>omni·</span> 
     </span>
     <span class='ocr_line' id='line_1_26' title="bbox 406 3639 2302 3732; baseline 0.002 -20"><span class='ocrx_word' id='word_1_197' title='bbox 406 3640 527 3715; x_wconf 73' lang='lat' dir='ltr'>bus</span> <span class='ocrx_word' id='word_1_198' title='bbox 542 3639 613 3711; x_wconf 81' lang='lat' dir='ltr'>fit</span> <span class='ocrx_word' id='word_1_199' title='bbox 628 3640 905 3716; x_wconf 81' lang='lat' dir='ltr'>faidosus</span> <span class='ocrx_word' id='word_1_200' title='bbox 928 3690 955 3728; x_wconf 67' lang='lat'><em>2</em></span> <span class='ocrx_word' id='word_1_201' title='bbox 966 3663 1095 3717; x_wconf 80' lang='lat' dir='ltr'>non</span> <span class='ocrx_word' id='word_1_202' title='bbox 1111 3646 1186 3715; x_wconf 88' lang='lat' dir='ltr'>ad</span> <span class='ocrx_word' id='word_1_203' title='bbox 1202 3649 1429 3718; x_wconf 83' lang='lat' dir='ltr'>curiam</span> <span class='ocrx_word' id='word_1_204' title='bbox 1450 3696 1476 3732; x_wconf 88' lang='lat'><strong>,</strong></span> <span class='ocrx_word' id='word_1_205' title='bbox 1498 3647 1592 3718; x_wconf 88' lang='lat' dir='ltr'>uti</span> <span class='ocrx_word' id='word_1_206' title='bbox 1611 3652 1678 3719; x_wconf 85' lang='lat' dir='ltr'>in</span> <span class='ocrx_word' id='word_1_207' title='bbox 1710 3647 2036 3718; x_wconf 81' lang='lat' dir='ltr'>Germania</span> <span class='ocrx_word' id='word_1_208' title='bbox 2054 3690 2080 3730; x_wconf 88' lang='lat'>‚</span> <span class='ocrx_word' id='word_1_209' title='bbox 2095 3647 2206 3716; x_wconf 85' lang='lat' dir='ltr'>sed</span> <span class='ocrx_word' id='word_1_210' title='bbox 2223 3647 2302 3716; x_wconf 87' lang='lat' dir='ltr'>ad</span> 
     </span>
     <span class='ocr_line' id='line_1_27' title="bbox 406 3771 2299 3860; baseline 0.004 -23"><span class='ocrx_word' id='word_1_211' title='bbox 406 3771 757 3854; x_wconf 77' lang='lat' dir='ltr'>provincias</span> <span class='ocrx_word' id='word_1_212' title='bbox 771 3820 798 3857; x_wconf 88' lang='lat'><strong>,</strong></span> <span class='ocrx_word' id='word_1_213' title='bbox 815 3774 893 3844; x_wconf 82' lang='lat' dir='ltr'>ad</span> <span class='ocrx_word' id='word_1_214' title='bbox 909 3775 1143 3846; x_wconf 85' lang='lat' dir='ltr'>minora</span> <span class='ocrx_word' id='word_1_215' title='bbox 1158 3778 1337 3844; x_wconf 84' lang='lat' dir='ltr'>etiam</span> <span class='ocrx_word' id='word_1_216' title='bbox 1352 3775 1536 3846; x_wconf 83' lang='lat' dir='ltr'>feuda</span> <span class='ocrx_word' id='word_1_217' title='bbox 1551 3779 1817 3848; x_wconf 84' lang='lat' dir='ltr'>transiit.</span> <span class='ocrx_word' id='word_1_218' title='bbox 1856 3775 2027 3845; x_wconf 85' lang='lat' dir='ltr'>Hinc</span> <span class='ocrx_word' id='word_1_219' title='bbox 2038 3774 2299 3860; x_wconf 82' lang='lat' dir='ltr'>factum,</span> 
     </span>
    </p>
   </div>
   <div class='ocr_carea' id='block_1_3' title="bbox 412 3900 2298 4097">
    <p class='ocr_par' dir='ltr' id='par_1_4' title="bbox 412 3900 2298 4097">
     <span class='ocr_line' id='line_1_28' title="bbox 412 3900 2296 3985; baseline 0.003 -13"><span class='ocrx_word' id='word_1_220' title='bbox 412 3914 487 3972; x_wconf 82' lang='lat' dir='ltr'>ut</span> <span class='ocrx_word' id='word_1_221' title='bbox 518 3900 699 3976; x_wconf 85' lang='lat' dir='ltr'>facile</span> <span class='ocrx_word' id='word_1_222' title='bbox 723 3903 1050 3978; x_wconf 81' lang='lat' dir='ltr'>evitaretur</span> <span class='ocrx_word' id='word_1_223' title='bbox 1068 3902 1443 3978; x_wconf 82' lang='lat' dir='ltr'>forbannum</span> <span class='ocrx_word' id='word_1_224' title='bbox 1471 3907 1818 3979; x_wconf 81' lang='lat' dir='ltr'>secessione</span> <span class='ocrx_word' id='word_1_225' title='bbox 1831 3905 1908 3976; x_wconf 86' lang='lat' dir='ltr'>ad</span> <span class='ocrx_word' id='word_1_226' title='bbox 1925 3905 2120 3976; x_wconf 81' lang='lat' dir='ltr'>vicina</span> <span class='ocrx_word' id='word_1_227' title='bbox 2133 3907 2296 3985; x_wconf 78' lang='lat' dir='ltr'>loca,</span> 
     </span>
     <span class='ocr_line' id='line_1_29' title="bbox 2190 4029 2298 4097; baseline 0.019 -1"><span class='ocrx_word' id='word_1_228' title='bbox 2190 4029 2298 4097; x_wconf 89' lang='lat' dir='ltr'>sed</span> 
     </span>
    </p>
   </div>
  </div>
 </body>
</html>
