3000 4917
657 375 785 449 234
1482 369 1763 430 Ξ».

736 554 1009 627 Breviter
1054 549 1241 636 igitur
1294 552 1373 619 de
1439 571 1511 620 ea
1562 572 1629 621 re
1676 549 2018 624 videamus.
2095 552 2307 622 Nemo
2374 570 2564 638 nega·

657 684 753 753 bit
815 679 1267 749 matrimonium
1333 679 1672 764 legitimum
1740 698 1881 749 esse
1935 681 2131 762 illud,
2208 683 2379 765 quod
2429 686 2567 766 lege

655 806 1037 893 agnoscitur.
1136 804 1286 891 Jure
1347 802 1594 872 Gallico
1666 806 1859 890 igitur
1921 806 2175 889 nuptiae·
2258 808 2560 891 legitimae

656 947 804 1003 sunt
825 979 852 1016 ‚
903 949 1060 1018 quae
1099 948 1308 1000 coram
1357 931 1674 998 sacerdote
1707 951 1740 1000 a
1775 931 2106 1015 baptizatis
2150 936 2553 1003 celebrantur.

652 1061 867 1130 Verbo
940 1059 1390 1127 matrimonium
1452 1056 1610 1143 juris
1680 1057 1880 1126 civilis
1949 1061 2114 1128 idem
2195 1064 2369 1146 quod
2439 1082 2562 1130 ma-

652 1189 1011 1259 trimonium
1066 1187 1223 1273 juris
1265 1185 1573 1253 canonici.
1655 1184 1822 1252 Nam
1879 1187 2181 1272 quidquid
2256 1193 2337 1257 de
2369 1210 2435 1259 ea
2489 1211 2561 1260 re

658 1318 722 1387 in
774 1317 1014 1387 Galliae
1071 1313 1672 1396 consuetudinibus,
1731 1314 2053 1399 legibusve
2102 1294 2406 1401 seriptum
2470 1322 2561 1388 sit

658 1464 731 1514 ea
799 1444 1132 1530 hypothesi
1180 1430 1431 1520 nititur,
1512 1456 1794 1526 respectu
1858 1445 2224 1512 matrimonii
2275 1420 2380 1530 jus
2457 1465 2563 1513 ca-

660 1574 955 1643 nonicum
1039 1571 1222 1654 plane
1302 1584 1443 1635 esse
1534 1584 1845 1652 receptum
1863 1615 1891 1653 ,
1970 1572 2057 1638 ita
2127 1587 2198 1638 ut
2275 1546 2572 1642 hactenus

657 1704 764 1788 jus
833 1697 1195 1768 canonicum
1261 1698 1466 1780 legum
1542 1698 1879 1779 civilium,
1935 1700 2000 1767 id
2066 1714 2163 1767 est
2229 1700 2297 1769 in
2363 1702 2572 1772 Gallia

660 1828 1042 1914 vigentium,
1075 1841 1306 1911 partem
1338 1825 1705 1893 constituat.
1773 1823 1941 1893 Hinc
1975 1806 2422 1897 matrimonium
2458 1801 2580 1897 se·v

663 1959 936 2025 cundum
990 1956 1293 2040 principia
1349 1973 1421 2021 ae
1496 1966 1815 2038 praecepta
1888 1955 2044 2040 juris
2115 1957 2401 2024 canonici
2461 1977 2565 2024 ces

667 2085 964 2152 lebratum
1010 2103 1083 2151 ac
1134 2095 1622 2150 consummatum
1697 2081 2038 2165 legitimum
2092 2097 2209 2150 est.
2296 2084 2387 2150 At
2437 2105 2567 2153 ma-

663 2212 1014 2281 trimonium
1060 2211 1218 2297 juris
1267 2209 1549 2279 canonici
1598 2211 1854 2278 dissolvi
1905 2212 2162 2294 nequit,
2207 2228 2376 2280 certe
2425 2233 2557 2281 non

653 2357 933 2429 ¹utroque
1006 2341 1273 2426 conjuge
1341 2340 1541 2409 invito
1561 2385 1589 2424 ‚
1659 2342 1917 2424 proinde
1973 2340 2308 2427 legitimum
2378 2341 2558 2408 etiam

660 2466 1114 2535 indissolubile.
1225 2463 1296 2532 Si
1366 2481 1571 2533 autem
1651 2484 1863 2533 verum
1943 2479 2042 2532 est
2127 2481 2327 2534 morte
2395 2467 2564 2534 civili

659 2595 1105 2660 matrimonium
1149 2593 1307 2677 juris
1354 2593 1638 2661 canonici
1683 2591 1949 2661 dissolvi
1994 2611 2125 2661 nou
2167 2612 2400 2679 posse,
2458 2612 2558 2662 se-

663 2719 875 2805 quitur
924 2736 1038 2786 nec
1079 2718 1455 2801 legitimum,
1501 2719 1641 2800 quia
1692 2719 1852 2784 idem
1906 2735 2043 2802 est,
2104 2720 2329 2805 rumpi.
2410 2721 2560 2789 Pro-

647 2850 803 2918 ‘inde
870 2848 1041 2917 liberi
1102 2858 1249 2930 post
1294 2859 1553 2913 mortem
1622 2846 1865 2914 civilem
1923 2847 2091 2932 nati,
2174 2850 2408 2934 quippe
2481 2870 2558 2917 ex

662 2980 940 3065 legitimo
971 2974 1101 3047 nati
1128 2975 1521 3045 matrimonio
1541 3020 1566 3058 ,
1601 2989 1749 3042 sunt
1783 2972 2078 3059 legitimi,
2120 2978 2397 3062 adeoque
2433 2978 2555 3045 sub

662 3109 856 3191 patris
926 3117 1234 3191 potestate
1316 3104 1396 3170 ad
1465 3117 1785 3188 parentum
1860 3104 2249 3172 hereditatem
2336 3107 2563 3174 admit·

660 3250 897 3304 tuntur.
1005 3233 1149 3301 Sive
1221 3232 1412 3317 igitur
1482 3232 1740 3300 civiliter
1805 3247 2120 3300 mortuum
2183 3236 2323 3321 jure
2393 3235 2563 3302 civili

660 3364 1049 3434 interdictum
1071 3407 1096 3442 ,
1200 3361 1335 3426 sive
1419 3360 1559 3445 jure
1637 3359 1838 3430 civico
1931 3363 2238 3445 privatum
2343 3363 2510 3430 dicas
2532 3409 2561 3446 ,

656 3508 728 3557 ac
792 3503 1118 3572 utrumque
1165 3487 1465 3557 latissimo
1528 3507 1735 3574 sumas
1801 3508 1985 3557 sensu
2006 3534 2031 3572 ‚
2102 3493 2159 3559 si
2210 3492 2382 3558 aliter
2454 3511 2557 3560 res

660 3635 732 3682 se
780 3617 1071 3699 haberet,
1131 3619 1229 3684 lex
1286 3618 1655 3684 contrarium
1708 3618 1944 3700 aliquid
2015 3633 2340 3702 statueret,
2416 3640 2561 3688 cum

660 3760 787 3809 uno
851 3744 996 3811 loco
1060 3763 1096 3812 e
1156 3745 1541 3814 matrimonio
1597 3746 1868 3830 legitimo
1929 3748 2237 3832 legitimos
2282 3764 2568 3833 procrea·-

661 3871 718 3941 τί
784 3883 1052 3938 censeret
1073 3912 1116 3955 ,ι
1186 3871 1334 3940 alibi
1419 3893 1567 3943 vero
1641 3875 1888 3945 eosdem
1968 3877 2210 3960 spurios
2286 3879 2387 3946 vel
2457 3877 2570 3944 ba-

2350 4016 2355 4023 ·
2416 4016 2567 4069 tar·
