3000 4917
1248 397 1498 460 Ξ
2197 410 2329 475 aas

429 577 907 653 consuetudines
964 578 1131 648 Galli
1182 577 1576 649 transferrent
1591 626 1616 661 ‚
1670 594 1897 665 sponte
1938 583 2323 670 intelligitur.

423 713 590 781 Nam
658 731 802 780 cum
855 714 1050 795 magia
1107 712 1429 797 magisque
1475 730 1514 779 a
1571 709 1838 780 barbarie
1888 734 1961 782 ac
2006 713 2327 785 ferocitate
2422 714 2431 719 ⁴

426 842 817 922 recederent,
886 837 1261 906 forbannum
1283 886 1308 921 ‚
1362 840 1533 924 quod
1593 858 1705 907 sua
1757 854 1970 910 natura
2025 843 2192 912 haud
2237 845 2329 914 ita

372 966 379 974 ’
422 968 668 1036 εῐυᾶείε
714 987 788 1036 ac
834 968 899 1036 in
946 968 1272 1036 Germania
1293 1013 1319 1050 ‚
1375 981 1666 1055 regnante
1709 956 2106 1040 ranbznrco
2155 993 2325 1041 nan·
2442 1010 2449 1019 ,

420 1118 721 1169 uuossa
776 1100 877 1168 vel
940 1118 1249 1167 flammeo
1300 1098 1440 1166 VII.
1503 1100 1583 1166 ad
1645 1098 1905 1183 simplex
1966 1101 2163 1167 exsilii
2209 1116 2321 1169 seu

424 1227 805 1311 expulsionis
855 1229 1116 1299 formam
1147 1231 1339 1329 abiit.
1419 1231 1526 1297 Ad
1576 1232 1701 1298 hoc
1747 1247 1896 1295 vero
1932 1225 2053 1313 Jus
2091 1227 2327 1298 Romn-

425 1377 576 1426 num
630 1380 698 1426 ac
767 1362 1010 1427 illorum
1068 1357 1346 1425 conditio
1378 1401 1404 1438 ‚
1466 1357 1577 1439 qui
1642 1357 1807 1440 apud
1853 1357 2045 1424 Italos
2089 1356 2326 1424 banniti

424 1489 626 1553 nostri
669 1487 962 1570 temporis
994 1484 1283 1552 dicuntur
1300 1526 1326 1564 ,
1382 1482 1550 1550 haud
1584 1501 1801 1567 parum
1852 1483 2193 1551 contulisse
2224 1485 2326 1552 vi·

408 1615 658 1683 dentur.

503 1738 817 1826 Quaenam
849 1758 1023 1806 .vero
1080 1737 1299 1806 mortis
1342 1739 1545 1809 civilis
1596 1738 1724 1807 fata
1774 1737 1949 1808 fuere
1998 1759 2199 1824 usque
2244 1741 2327 1808 ad
2403 1734 2413 1745 ”

425 1867 817 1936 Franciscum
900 1871 1211 1951 primum,
1288 1846 1622 1951 postquam
1700 1869 1805 1953 jus
1869 1867 2323 1952 justinianeum

423 1997 618 2081 magis
666 1996 975 2081 magisque
1039 1998 1411 2064 invalescere
1450 1997 1660 2080 coepit
1709 1995 1811 2063 hic
1861 2015 2171 2062 recensere
2213 2010 2324 2064 ne-

423 2142 618 2192 cesse·
646 2143 776 2193 non
822 2139 1023 2209 puto,
1082 2127 1314 2208 quippe
1361 2139 1434 2192 ut
1478 2144 1588 2209 per
1636 2142 1709 2192 se
1755 2100 2152 2208 intelligitur,
2194 2144 2323 2193 ma·

420 2255 514 2339 gis
559 2252 871 2323 historiam
906 2253 1075 2337 Jutis
1117 2253 1386 2322 Romani
1428 2254 1781 2321 recentioris
1799 2297 1824 2332 ‚
1875 2272 2057 2337 quam
2110 2254 2319 2337 legum

415 2382 828 2467 indigenarum
888 2383 1255 2449 contineret.
1357 2380 1633 2448 Breviter
1693 2381 1835 2447 hinc
1887 2381 2112 2464 exponi
2166 2398 2320 2464 pos-

415 2527 605 2592 sunt,
665 2524 736 2576 ut
782 2510 1135 2591 videamus,
1197 2511 1445 2593 quinam
1499 2511 1694 2576 seculi
1725 2509 1942 2577 decimi
1987 2510 2154 2576 tertii
2201 2509 2318 2575 ini-

407 2639 516 2707 tiis
575 2638 857 2707 dicantur
902 2639 1162 2722 civiliter
1216 2639 1468 2706 mortui.

495 2768 826 2850 Duplicem
894 2765 1093 2834 fuisse
1155 2781 1381 2834 statum
1444 2728 1939 2834 forbannitorum
1993 2767 2060 2832 in
2106 2764 2313 2834 Gallia

417 2894 683 2959 vidimus
728 2897 826 2959 vel
867 2896 1197 2977 proscripti
1229 2897 1328 2961 vel
1385 2891 1667 2977 forjurati
1710 2894 2070 2962 dicebantur
2089 2939 2112 2973 ,
2156 2910 2313 2975 quo-

407 3038 543 3084 rum
600 3021 664 3085 hi
710 3023 887 3102 quasi
922 3038 1257 3102 spontanea
1287 3024 1678 3089 successione
1729 3040 1959 3102 poenas
2018 3020 2301 3098 luebant,

405 3147 496 3214 illi
533 3113 931 3213 contumaces
979 3146 1296 3228 latebant,
1326 3166 1402 3212 eo
1452 3166 1595 3214 cum
1651 3145 1920 3226 effectu,
1983 3160 2053 3210 ut
2103 3147 2181 3211 ad
2224 3145 2313 3212 in-

412 3276 681 3341 colarum
713 3277 1079 3355 clamorem,
1118 3275 1253 3340 sine
1292 3248 1564 3360 judicio}
1606 3276 1831 3357 laqueo
1869 3273 2129 3340 interimi
2164 3292 2312 3356 pos-

408 3416 572 3469 sent.
675 3401 911 3468 Tractu
988 3403 1280 3485 temporis
1356 3403 1531 3485 quod
1603 3404 1842 3483 origine
1887 3402 2096 3479 idem,
2124 3454 2129 3459 .
2161 3419 2308 3467 mox

407 3531 650 3598 diverso
696 3532 944 3597 nomine
992 3530 1268 3614 insigniri
1316 3531 1562 3614 coepit,
1601 3550 1671 3597 ac
1716 3528 1994 3615 forjurati
2025 3529 2310 3596 bannito·

406 3676 544 3725 rum
613 3677 723 3725 seu
789 3642 1036 3726 exulum
1096 3679 1320 3727 nomen
1371 3661 1671 3728 retinuere
1692 3705 1716 3742 ,
1771 3660 2102 3743 proscripti
2158 3677 2306 3726 vero

403 3802 518 3853 seu
564 3785 902 3856 forbanniti
943 3802 1173 3856 sortem
1228 3808 1398 3856 suam
1456 3808 1603 3856 cum
1669 3788 1796 3870 iis,
1855 3786 1963 3871 qui
2017 3789 2092 3855 ad
2148 3805 2307 3852 mor·-

403 3928 526 3982 tem
571 3916 840 3986 damnati
894 3915 1272 4004 effugerant,
1307 3928 1432 4017 saut
1496 3919 1562 3985 in
1615 3915 1873 3984 vinculis
1931 3916 2303 4000 supplicium

2202 4059 2303 4107 ex.
