3000 4917
1297 396 1540 455 Ε
2253 407 2408 456 131·-

466 572 591 640 bus
643 573 699 640 si
739 575 764 660 j
771 569 1029 659 ungatur
1061 567 1243 686 iliius·
1267 575 1587 644 hominum
1637 575 1846 646 classis
1863 623 1888 660 ,
1925 595 2082 660 quae
2105 577 2398 658 'maximat
2448 599 2462 619 ·

464 693 767 768 forbanno
800 719 913 769 seu
951 699 1377 786 proscriptioni
1412 699 1674 770 obnoxia
1697 751 1721 784 ‚
1764 705 2010 790 vulgare
2041 689 2398 774 littei-arum:

466 828 671 896 odium
692 875 715 910 ‚
730 843 835 895 aut
862 827 913 896 si
930 829 1026 896 his
1044 829 1491 912 quodammodo
1516 827 1784 898 faverent
1803 879 1826 912 ‚
1848 831 2078 915 paterni
2105 831 2398 900 instituti·
2477 895 2482 900 .
2521 825 2526 830 ’

466 955 770 1024 veneratio
789 1003 816 1038 ‚
864 975 1045 1038 quam
1074 957 1251 1025 novis
1292 957 1473 1025 rebus
1515 957 1821 1042 corrumpi
1854 958 2182 1042 putabant3
2237 977 2366 1026 non

464 1084 721 1168 majores
740 1101 809 1149 ac
842 1081 1143 1168 graviores
1172 1103 1381 1151 causas
1400 1104 1684 1167 quaerere
1705 1103 1950 1152 necesse
1979 1103 2074 1154 est
2091 1133 2117 1166 ‚
2137 1086 2362 1168 quibus
2385 1117 2394 1136 ·

464 1209 689 1278 factum
744 1213 825 1277 sit
844 1257 869 1292 ‚
937 1226 1007 1278 ut
1058 1231 1199 1280 cum
1230 1211 1406 1296 plena
1453 1231 1620 1279 mors
1658 1211 1944 1280 secularis
2006 1231 2118 1278 seu
2169 1210 2362 1278 civilis

464 1332 680 1406 eorum
703 1337 938 1422 legibus
972 1337 1379 1426 contineretur
1395 1385 1419 1423 ,
1448 1359 1570 1408 vox
1588 1337 1733 1438 ipsa
1755 1340 1927 1424 quasi
1959 1359 2166 1408 eorum
2207 1339 2391 1406 limi-›

464 1483 541 1532 na
591 1464 837 1550 fugerit.
1707 1472 1714 1478 '
1850 1450 1856 1456 ¹

1316 1722 1506 1805 ςι.

626 2037 727 2104 De
796 2003 876 2103 iis
930 2039 1097 2126 quae
1136 2041 1474 2126 pertinent·
1507 2037 1602 2103 ad
1651 2047 1906 2104 mortem
1955 2035 2193 2105 cimam

800 2183 845 2229 a
892 2163 1113 2234 carolo
1148 2163 1236 2230 Ν
1278 2184 1467 2252 usque
1501 2163 1598 2229 ad
1624 2161 1920 2229 Cat-olum
1957 2161 2020 2227 V

1162 2309 1191 2358 ι
1203 2293 1317 2378 378
1348 2323 1431 2339 -
1459 2306 1637 2371 1500.

528 2605 659 2694 Jam
690 2609 767 2676 ad
780 2607 877 2676 illa
894 2608 1141 2692 perveni
1167 2621 1434 2692 tempora
1454 2655 1477 2690 ‚
1500 2607 1724 2691 quibus
1761 2587 2030 2676 omnium
2071 2605 2254 2674 animi
2269 2605 2346 2675 ab
2365 2639 2379 2667 .·

455 2707 697 2816 antiqua
713 2734 945 2804 licentia
959 2736 1385 2820 resipiscebant
1403 2785 1429 2819 ,
1468 2757 1538 2804 ac
1565 2735 1792 2819 quibus
1823 2735 2345 2804 colluctationibus

448 2861 606 2927 inter
638 2881 887 2946 magnos
927 2863 1163 2948 imperii
1212 2863 1575 2932 feudatarios
1634 2867 1886 2950 ejusque
1932 2875 2114 2945 caput
2163 2861 2371 2926 finem·

454 2987 745 3068 imposuit
777 3009 953 3056 aurea
994 3009 1125 3056 can
1134 3009 1243 3056 0101
1279 2991 1369 3056 IV
1400 2991 1562 3056 bulla
1583 3037 1606 3070 ‚
1624 2989 1900 3071 inprimis
1926 2997 2248 3070 postquam
2267 2984 2346 3051 ad
2408 3059 2411 3067 ¹

454 3115 703 3182 domum
734 3114 1109 3182 Austriacam
1142 3115 1413 3196 pervenit
1442 3113 1770 3195 Imperialis
1801 3113 2080 3196 dignitas.
2182 3109 2344 3177 Hinc

450 3240 609 3308 enim
624 3209 811 3326 magis
828 3242 1137 3325 magisque
1158 3239 1372 3323 privati
1405 3239 1600 3322 gladio
1621 3237 2040 3306 abstinuerunt
2056 3256 2124 3304 ac
2151 3238 2228 3304 ad
2243 3236 2368 3306 tri·-

450 3367 635 3436 bunal
672 3371 775 3455 jus
817 3387 997 3437 suum
1048 3369 1431 3452 quaesivere3
1492 3367 1698 3450 plures
1751 3365 1934 3449 igitur
1985 3367 2097 3432 hac
2145 3379 2364 3432 aetate·
2439 3407 2442 3410 -

448 3495 647 3566 curiae
701 3496 1061 3564 constitutae
1106 3508 1253 3564 sunt
1298 3514 1367 3562 ac
1400 3495 1556 3562 inter
1599 3514 1708 3574 ea,
1756 3491 1985 3577 quibus
2024 3491 2208 3560 banni
2243 3493 2340 3560 vel

445 3624 905 3710 proscriptionis
946 3625 1050 3709 jus
1096 3621 1554 3690 concedebatur.
1631 3621 1882 3708 Quum·
1912 3639 2058 3688 vero
2115 3619 2362 3690 Roma--
2440 3675 2443 3679 .

446 3769 597 3820 num
625 3754 729 3839 jus
776 3752 841 3818 in
886 3752 1013 3819 dies
1062 3751 1255 3836 majus
1303 3766 1542 3837 caperet
1573 3733 2009 3821 'incrementum
2031 3794 2056 3832 ‚
2087 3750 2358 3836 eiusque-

442 3896 599 3950 usus
629 3894 778 3950 ‘tum
814 3879 879 3948 in
907 3879 1064 3949 civili
1091 3893 1221 3948 tum
1261 3877 1324 3948 in
1358 3877 1644 3948 criminali
1679 3895 1855 3947 causa
1883 3897 1952 3946 ac
1991 3878 2226 3964 egregia
2274 3875 2361 3945 ins

1386 4005 1448 4094 Q
2186 4000 2340 4068 mul·
