3000 4917
1280 374 1528 436 Ξ
2231 391 2343 442 101

431 561 627 631 solute
645 557 804 636 ,illud
832 552 1061 644 definiri
1090 550 1177 620 ibi
1207 569 1337 644 non
1363 553 1567 640 potuit
1585 583 1625 637 ,·
1645 541 2019 640 quapropter
2060 560 2208 630 illud
2241 567 2318 630 ad

428 691 593 756 hunc
618 731 645 768 ‚
680 683 860 768 q'uem
886 697 1051 750 nunc
1078 665 1395 766 aggredior
1412 727 1437 764 ,
1462 681 1797 778 'periodum
1831 681 2052 752 differri
2083 688 2320 761 debuit.

424 813 615 899 Quod
684 827 880 878 mmen
949 806 1165 892 magis‘
1195 808 1425 876 ordinis
1468 827 1688 878 causa:
1745 829 1900 894 quae
1955 811 2115 879 enim
2164 815 2311 883 haec

418 910 583 1008 aetas
651 936 856 1006 retulit
917 951 1048 1002 non
1080 963 1089 970 ·
1123 935 1536 1003 conversionis
1603 936 1857 1023 alicujus
1923 937 1990 1005 in
2035 939 2316 1010 forbanni

421 1065 675 1133 historia
719 1063 1003 1132 exhibent
1037 1058 1351 1148 vestigium
1374 1107 1402 1145 ,
1444 1081 1660 1130 verum
1696 1077 1909 1130 contra
1939 1083 2040 1134 ens
2076 1081 2310 1138 tantum
2393 1063 2402 1072 '

420 1193 719 1280 explicant
751 1188 1209 1260 constitutiones
1230 1236 1255 1272 ,
1298 1207 1450 1273 quas
1486 1208 1672 1273 supra
1706 1189 2089 1258 tractavimus
2108 1239 2133 1275 ‚
2152 1193 2231 1261 ita
2245 1211 2319 1262 ut

420 1319 587 1388 haud
636 1316 861 1404 'injuria
946 1317 1091 1384 haec
1140 1315 1581 1400 paragraphus
1655 1314 1820 1385 vices
1902 1320 2312 1386 commentarii

417 1448 499 1515 ad
540 1445 911 1529 superiorem
967 1459 1171 1512 tenere
1225 1443 1447 1527 possit.

496 1575 877 1642 Manendum
908 1587 1107 1639 tamen
1122 1619 1147 1655 ‚
1183 1591 1323 1639 cum
1352 1573 1428 1639 de
1468 1572 1671 1640 banno
1709 1573 1923 1655 loquar
1941 1619 1967 1655 ‚
2011 1574 2088 1640 de
2119 1572 2312 1657 Impe-

420 1699 555 1768 riali
586 1715 815 1766 tantum
850 1698 999 1764 illud
1047 1696 1294 1780 intelligi
1325 1698 1544 1766 debere
1560 1745 1585 1778 ‚
1615 1717 1752 1764 uam
1787 1698 2147 1780 provinciale
2176 1699 2317 1764 licet

424 1847 504 1892 ex
532 1825 743 1890 eodem
776 1821 977 1904 stipite
1002 1819 1323 1887 oriundum
1357 1838 1427 1885 ac
1462 1823 1819 1888 Germanica
1834 1824 2040 1906 lingua
2071 1821 2318 1889 nomine

420 1950 615 2020 simile
648 1950 729 2016 sit
749 1995 775 2031 ,
808 1949 959 2016 nihil
978 1965 1297 2016 commune
1322 1945 1503 2012 habet
1531 1965 1671 2014 cum
1701 1961 1896 2013 morte
1913 1946 2108 2014 civili.
2150 1949 2323 2015 Con·

426 2092 546 2146 stat
588 2077 751 2144 enim
797 2096 869 2144 ex
921 2073 1191 2157 reliquiis
1236 2073 1397 2141 illius
1428 2072 1711 2140 forbanni
1744 2072 2108 2155 comitialis‚·
2147 2074 2320 2156 quod

422 2206 489 2272 in
548 2223 799 2272 cARou
852 2222 1077 2276 traam
1108 2203 1347 2287 legibus
1377 2199 1673 2284 reperitur
1691 2248 1716 2283 ‚
1763 2216 1944 2284 atque
1992 2202 2089 2269 vel
2132 2203 2318 2269 latro·

424 2330 607 2400 nibus
645 2333 711 2398 in
734 2345 1115 2414 -perpetuum
1139 2375 1164 2411 ,
1219 2330 1320 2396 vel
1350 2326 1810 2396 contumacibus
1844 2329 2037 2394 donec
2069 2325 2316 2410 resipis·

422 2471 565 2524 cant-
592 2456 875 2542 infligitur
907 2456 1058 2524 illud
1092 2454 1283 2524 fuisse
1316 2453 1598 2522 effectum
1617 2501 1643 2537 ‚
1699 2467 1770 2522 ut
1801 2473 1947 2537 pace
1997 2453 2308 2536 priventur

422 2603 493 2652 ac
555 2603 734 2651 nemo
777 2582 1056 2650 -istorum
1112 2601 1260 2650 nece
1322 2580 1524 2666 possit
1576 2582 1958 2664 delinquere3
2003 2592 2308 2664 praeterea

422 2709 489 2778 in
548 2712 903 2795 quibusdam
954 2709 1279 2794 provinciis
1316 2709 1479 2777 bona
1512 2707 1972 2792 publicabantur
1989 2753 2014 2791 ,
2068 2723 2130 2773 at
2175 2724 2309 2792 gra-

418 2839 515 2908 vis
544 2839 729 2923 hujus
764 2835 1091 2905 sententiae
1136 2836 1229 2904 vis
1268 2835 1523 2902 maxime
1569 2835 1867 2902 evanescit
1893 2880 1919 2916 ‚
1949 2832 2004 2899 si
2045 2831 2309 2906 animad-

420 2980 723 3034 vertamus
770 2977 832 3030 et
878 2963 1196 3046 oppidanis
1241 2962 1548 3048 iudicibus
1601 2961 1752 3027 illud
1804 2959 1995 3026 fuisse
2059 2973 2310 3021 conces-

419 3109 559 3160 sum
578 3135 601 3170 ,
643 3108 715 3155 ac
763 3107 892 3155 non
920 3090 1075 3156 ultra
1108 3087 1259 3154 fines
1285 3085 1721 3172 jurisdictionis
1769 3085 1920 3150 illud
1949 3084 2066 3148 hos
2085 3078 2310 3162 produ-

417 3219 581 3287 xisse
642 3213 895 3280 effectus
914 3258 939 3294 ,
993 3214 1075 3281 ita
1114 3227 1210 3282 ,ut
1256 3225 1492 3279 mutato
1558 3205 1861 3277 domicilio
1921 3205 2050 3272 fere
2108 3203 2306 3272 omnis

420 3344 742 3413 evitaretur
804 3336 1131 3406 calamitas·
1240 3336 1589 3418 Praeterea,
1645 3334 1703 3402 si
1755 3333 1988 3400 nobiles
2050 3331 2166 3416 ipsi
2210 3333 2304 3400 lu-

342 3461 349 3466 ’
421 3473 631 3539 beuter
660 3468 945 3534 adversus
984 3462 1331 3546 Principum
1364 3480 1546 3530 suum
1588 3460 1939 3528 rebellarent
1960 3506 1985 3542 ‚
2025 3477 2150 3525 non
2183 3459 2310 3525 val·

422 3599 498 3666 de
564 3595 947 3666 subditorum
1019 3590 1213 3658 turbis
1262 3585 1708 3658 delectabantur
1725 3633 1750 3668 ‚
1806 3606 1877 3654 ac
1929 3603 2007 3652 ne
2066 3584 2314 3669 privatis

422 3723 704 3798 caedibus
728 3740 849 3806 pax
881 3716 1218 3802 provinciae
1266 3715 1648 3799 turbaretur,
1674 3714 1840 3781 brevi
1856 3714 2101 3782 invaluit
2129 3713 2313 3780 inter·

421 3850 713 3955 pretatio„
745 3847 1039 3918 neminem
1062 3847 1299 3931 quidem
1333 3843 1710 3913 condemnati
1744 3861 1888 3910 nece
1921 3843 2261 3926 delinquere
2283 3879 2312 3917 ,

1364 3973 1432 4038 N
1476 3991 1514 4054 3
2221 3960 2324 4028 cui
