3000 4917
683 450 811 517 m
1516 440 1765 501 ...Ξ-..-

699 628 997 714 deportati
1071 642 1169 694 res
1231 641 1385 695 suas
1437 627 1755 709 possidere
1806 628 2092 697 desierant
2142 648 2396 719 proptu·
2442 656 2597 710 con.

689 755 1064 827 fiscationem
1086 799 1114 840 ,
1167 736 1290 823 hac
1331 754 1573 823 sublata
1594 800 1624 837 ‚
1680 758 1914 827 redibat
1955 762 2032 828 ad
2076 780 2189 830 eos
2250 769 2601 849 possessio.

691 886 834 955 Hoc
899 897 1104 952 tamen
1161 881 1363 951 noluit
1411 881 1842 970 justinianum
1901 888 1979 955 ab
2032 906 2154 957 una
2204 904 2372 974 parte
2426 893 2593 967 enim

688 1013 1054 1097 deportatos
1103 1012 1278 1081 omni
1325 1009 1534 1079 favore
1593 1029 1668 1079 ae
1710 1013 1958 1083 meliore
1976 1042 2031 1097 ,·
2057 1034 2242 1098 quam
2299 1021 2545 1103 pristina
2560 1070 2591 1106 ‚

696 1140 1052 1210 conditione
1075 1140 1381 1224 ,indignos
1422 1138 1755 1223 censebat,
1792 1140 1873 1207 ab
1923 1144 2113 1215 altera
2156 1161 2325 1228 parte
2366 1149 2589 1221 durum
2724 1216 2734 1228 ‚

685 1271 752 1339 ei
807 1269 1124 1339 videbatur
1175 1267 1480 1334 innocuos
1528 1266 1811 1334 damnum
1867 1270 2021 1353 pati.
2103 1271 2316 1356 Itaque
2374 1276 2590 1345 liberis

684 1398 850 1467 bona
925 1393 1282 1477 concessit3
1367 1393 1529 1478 juris
1617 1392 1816 1461 civilis
1888 1409 2093 1466 tamen
2174 1402 2536 1487 praejudicio
2553 1453 2588 1489 ,

682 1523 965 1612 quamvis
1008 1521 1300 1605 aequitati
1341 1519 1611 1587 serviret.
1682 1522 1935 1591 Caetera
1983 1526 2140 1595 enim
2178 1548 2318 1597 cum
2346 1533 2583 1605 intacta

685 1657 1050 1747 relinqueret
1067 1699 1098 1736 ,
1154 1652 1461 1737 deportati
1526 1666 1811 1736 respectu
1878 1655 2106 1722 civium
2156 1656 2584 1729 Romanorum

683 1787 989 1875 peregrini
1031 1783 1407 1854 habebantur
1425 1829 1452 1867 ,
1508 1783 1839 1853 liberorum
1895 1800 2178 1870 respectu
2212 1787 2460 1854 mortui.

726 1915 918 1985 'Non
983 1916 1165 2001 plane
1227 1929 1468 1997 tamen3
1526 1914 1743 1985 etenim
1797 1917 2155 1985 donationes
2207 1917 2334 1987 sibi
2379 1916 2579 1987 factas

679 2047 951 2130 accipere
968 2090 995 2127 ,
1023 2063 1221 2113 onere
1246 2063 1319 2112 ac
1359 2045 1659 2130 vendere,
1700 2045 1891 2114 verbo
1925 2046 2237 2129 adquirere
2267 2060 2571 2130 poterant.

678 2173 814 2244 lmo
883 2170 1013 2241 fere
1071 2186 1340 2256 certum,
1423 2164 1549 2242 nisi
1626 2175 1957 2258 plerosque
2018 2173 2243 2240 liberos
2310 2175 2581 2258 ingratos

677 2322 755 2374 ac
824 2320 1142 2389 perversos
1201 2301 1605 2388 intelligamus
1629 2347 1656 2385 ‚
1708 2303 1943 2386 aliquid
1992 2301 2337 2386 deportatis
2382 2301 2579 2370 fuisse

673 2432 994 2501 demtum.
1067 2429 1206 2516 Jam
1255 2445 1453 2499 morte
1499 2430 1761 2499 naturali
1812 2430 2109 2514 moritui-3
2168 2449 2382 2498 rursus
2431 2450 2580 2515 ape·

671 2557 832 2623 ritur
872 2558 1239 2639 successio,
1293 2575 1425 2625 non
1480 2560 1683 2626 civilis
1718 2557 1970 2641 ‚quidem
1992 2604 2018 2640 ,
2081 2572 2341 2625 attamen
2392 2571 2578 2623 natu·

665 2681 813 2753 ralis
920 2678 1098 2768 Quot
1145 2701 1219 2750 ac
1268 2686 1476 2765 quales
1515 2685 1897 2767 quaestiones
1946 2705 2020 2753 ex
2052 2686 2278 2769 duplici
2323 2702 2391 2752 ea
2425 2686 2577 2751 hae-

667 2811 924 2882 reditate
977 2806 1129 2877 oriri
1191 2808 1447 2877 debeant
1464 2853 1495 2890 ,
1574 2812 1680 2878 vix
1749 2811 2063 2882 observari
2139 2832 2383 2887 necesse
2445 2833 2573 2885 est.

665 2941 914 3041 Disisse
960 2935 1220 3008 sufficiat
1236 2983 1260 3019 ‚
1319 2940 1557 3027 plenam
1613 2939 1772 3007 hanc
1816 2938 2147 3026 Justiniani
2177 2943 2575 3012 constitutio·

667 3090 816 3143 nem
863 3069 943 3138 ad
983 3068 1087 3156 jus
1136 3067 1444 3137 Gallicum
1491 3071 1781 3155 migrasse
1802 3115 1829 3151 ,
1890 3074 2145 3155 eamque
2194 3072 2463 3157 viguisse
2498 3075 2578 3142 ,in

665 3198 829 3268 locis
856 3192 1299 3265 ‘confiscationi
1345 3214 1473 3264 non
1531 3198 1884 3266 submissis.
1960 3198 2201 3282 Sponte
2272 3218 2418 3267 vero
2472 3202 2576 3268 in-

671 3325 942 3411 telligere
1005 3335 1102 3389 est
1173 3322 1397 3390 ibidem
1466 3338 1719 3409 propter
1761 3324 2053 3392 incertam
2107 3327 2324 3394 mortis
2373 3327 2576 3395 civilis

672 3455 872 3524 ideam
939 3450 1322 3541 difficultates
1384 3454 1601 3536 potius
1667 3467 1878 3521 auctas
1899 3498 1924 3536 ,
1983 3472 2167 3539 quam
2220 3446 2579 3525 imminutas

667 3583 902 3667 fuisse,
943 3582 1310 3668 praesertim
1349 3580 1407 3649 si
1459 3581 1616 3650 inter
1659 3584 1886 3652 liberos
1934 3599 2076 3653 ante
2123 3604 2197 3652 ac
2226 3600 2373 3668 post
2409 3586 2582 3653 dam-
2648 3668 2659 3679 ι

667 3709 979 3775 nationem
1033 3721 1371 3793 conceptos
1392 3754 1419 3790 ,
1484 3702 1762 3792 quaestio
1828 3712 2062 3779 oriatur
2079 3756 2104 3794 ,
2166 3710 2282 3779 hos
2362 3709 2527 3779 enim
2546 3754 2579 3796 ,

669 3852 800 3922 quo
850 3837 1101 3902 nomine
1147 3838 1457 3920 appellent
1503 3835 1696 3921 JCti,
1747 3836 1869 3922 ipsi
1926 3839 2234 3908 nesciunt.

653 3980 674 3993 ··
747 3961 935 4065 Quod
977 3963 1034 4029 si
1077 3962 1199 4050 jam
1261 3976 1524 4032 mortem
1571 3964 1808 4035 civilem
1857 3980 1998 4037 ante
2058 3966 2353 4043 GaIIIcatn
2414 3983 2572 4034 con-

2424 4112 2565 4161 vet-
