3000 4917
1239 425 1485 498 ...···.·.·····...
2203 433 2326 516 187

418 619 661 692 Edictis
706 621 1385 720 excommunicationem
1436 633 1777 703 sequuntur
1802 665 1829 701 ,
1868 621 2072 712 >magis
2128 641 2317 708 prop-

422 765 518 821 ter
557 750 1030 854 inobedientiam
1084 771 1269 838 quam
1324 771 1398 822 ex
1442 756 1689 838 propria
1735 751 2029 819 clericalis
2078 767 2316 820 sentcn-

419 881 541 948 tiae
592 881 659 948 vi
704 859 1081 948 statuuntur.

506 1007 607 1073 De
660 1005 803 1092 ipso
866 1005 1172 1076 forbanno
1230 1007 1351 1076 sub
1399 1005 1904 1092 Merovingorum
1950 1029 2023 1077 ac
2067 1027 2322 1079 canon

422 1141 653 1204 mnam
700 1134 989 1222 regimine
1025 1137 1088 1202 in
1124 1133 1334 1202 Gallia
1379 1135 1535 1202 nihil
1576 1133 1706 1202 fere
1731 1135 2056 1204 dicendum
2090 1137 2322 1220 habc03

422 1266 647 1332 etenim
680 1283 811 1334 erat
862 1284 940 1332 eo
988 1279 1264 1347 tempore
1308 1263 1373 1331 in
1421 1265 1757 1347 provinciis
1795 1285 1840 1334 a
1879 1261 2162 1334 Romano
2209 1265 2326 1334 iui-

419 1393 599 1478 perio
656 1395 962 1462 distractis
1010 1394 1241 1477 duplex
1296 1393 1501 1476 legum
1555 1391 1702 1461 fons
1720 1439 1747 1478 ,
1784 1411 2049 1478 quorum
2080 1396 2244 1461 *alter
2287 1413 2327 1463 c

420 1521 822 1589 Barbarorum
888 1523 1335 1589 consuetudine
1405 1524 1703 1608 originem
1771 1524 1980 1592 trahit.
2108 1521 2326 1597 Franci

366 1671 373 1676 ·
424 1667 577 1717 vero
650 1666 688 1715 e
749 1649 1074 1718 Germania
1126 1651 1367 1718 oriundi
1428 1657 1573 1720 suas
1625 1653 1790 1736 leges
1829 1653 1906 1720 ad
1958 1669 2184 1720 novam
2234 1669 2330 1718 se-

426 1777 567 1843 dem
601 1780 1042 1845 transtulerunt
1061 1826 1088 1863 ,
1132 1799 1204 1848 ac
1232 1779 1486 1863 proinde
1513 1827 1539 1864 ,
1585 1783 1744 1863 quae
1781 1780 1858 1844 de
1897 1778 2204 1846 forbanno
2235 1777 2331 1846 di-

426 1909 749 1987 cerentur,
822 1906 1011 1973 verbo
1070 1915 1251 1972 tenus
1308 1906 1700 1973 describenda
1769 1905 1979 1972 forent
2047 1923 2126 1972 ex
2200 1905 2328 1988 iis,

428 2052 588 2118 quae
656 2051 839 2118 supra
910 2036 989 2102 de
1033 2036 1217 2120 hujus
1273 2037 1509 2119 origine
1556 2055 1626 2101 ac
1676 2053 2007 2119 progressu
2067 2033 2134 2101 in
2174 2032 2330 2102 Ger-

301 2209 305 2218 ·
426 2162 624 2230 mania
668 2159 1005 2244 disputavi.
1091 2159 1253 2225 Nam
1301 2161 1415 2226 etsi
1463 2159 1634 2244 Lege
1688 2161 1882 2227 Salica
1923 2161 2078 2230 nihil
2137 2163 2332 2230 direc-

426 2303 495 2356 te
547 2291 624 2356 de
675 2286 980 2358 forbanno
1044 2287 1324 2369 dicatur,
1375 2300 1578 2352 tamen
1643 2287 1720 2352 ad
1755 2301 2024 2356 nostram
2071 2303 2326 2359 aetatem

423 2422 628 2504 legum
724 2416 1010 2506 reliquiae
1085 2428 1488 2498 pervenerunt
1507 2459 1536 2498 ‚
1611 2433 1766 2498 quae
1826 2418 1974 2483 satis
2040 2407 2331 2486 forbanni

423 2545 844 2615 auctoritatem
904 2545 970 2610 in
1020 2542 1097 2609 iis
1143 2543 1500 2626 regionibus
1559 2543 1971 2610 demonstrare
2018 2543 2331 2617 videntur.

426 2671 649 2740 Exstat
706 2673 863 2739 enim
901 2669 1075 2754 Juris
1122 2669 1594 2740 Transisalanici
1645 2669 2044 2755 fragmentum
2069 2715 2096 2753 ‚
2159 2671 2332 2755 quod

421 2797 734 2881 heymaell
753 2815 863 2863 seu
896 2797 1080 2864 nialli
1109 2799 1456 2884 superioris
1484 2796 1732 2864 nomine
1745 2794 2114 2879 insignitur,
2145 2809 2332 2879 atque

420 2922 679 2990 formam
724 2923 1092 3006 procedendi
1145 2924 1432 2990 adversus
1490 2923 1643 3004 eos,
1701 2919 1813 3005 qui
1862 2923 1940 2988 de
1988 2920 2323 2990 homicidio

429 3068 799 3133 componere
854 3054 1109 3128 nolunt,
1170 3051 1439 3117 ostendit
1485 3051 1701 3134 (26).
1790 3050 2119 3117 Homicida
2167 3051 2330 3140 enim

426 3178 483 3244 si
515 3178 612 3244 bis
645 3179 869 3248 citatus
913 3181 985 3246 ad
1017 3180 1260 3245 mallum
1313 3179 1516 3244 venire
1567 3176 1934 3244 recusaverit
1952 3222 1976 3256 ‚
2028 3187 2132 3241 aut
2179 3171 2326 3245 cum

424 3307 747 3374 duodecim
821 3305 1285 3393 fidejussoribus
1359 3309 1416 3375 si
1471 3308 1628 3374 liber
1674 3320 1809 3386 est,
1873 3305 2047 3370 solus
2095 3304 2154 3371 si
2202 3323 2329 3372 set·-

422 3439 539 3500 v'us
559 3480 586 3517 ,
628 3452 695 3501 se
727 3447 988 3520 purgare
1030 3437 1295 3504 noluerit
1353 3434 1587 3504 ratione
1645 3433 1800 3499 vitae
1842 3449 1915 3498 ac
1972 3430 2276 3497 bonorum
2294 3475 2325 3514 ,

420 3579 570 3644 pace
614 3559 885 3646 privatur
932 3579 1011 3630 eo
1055 3557 1329 3643 effectu,‘
1384 3573 1459 3628 ut
1515 3559 1675 3627 intra
1720 3557 2162 3644 jurisdictionis
2205 3568 2328 3626 tet·
2422 3555 2428 3564 '

2217 3688 2334 3758 mi-

524 3881 678 3948 (26)
719 3881 852 3937 V1d.
894 3883 1056 3936 Verln.
1090 3895 1197 3935 van
1243 3884 1331 3935 hee
1364 3881 1681 3940 Genootscn.
1720 3891 1819 3952 pm
1851 3881 2149 3944 Excutendo
2181 3867 2322 3946 ,lure'

432 3969 663 4032 Ρὰῖἴιο,
712 3969 857 4022 Tomo
903 3965 954 4023 ιο
995 3972 1057 4029 p·
1102 3968 1219 4030 3870

1348 4065 1460 4142 Aa
1505 4093 1545 4138 2
