3000 4917
677 375 763 458 64
1497 379 1742 441 ===

671 564 836 633 cium
894 574 1372 646 exsequeretur3
1472 533 1760 631 omnibus
1811 558 2014 646 gladio
2057 557 2371 633 instructio
2396 578 2586 650 atque

672 698 752 767 ad
800 712 996 764 acrem
1033 694 1190 764 vitae
1228 692 1639 790 defensionem
1683 690 1955 777 paratis3
2006 708 2393 777 consequens
2438 706 2577 778 est,

673 840 802 891 non
845 840 960 908 eo,
1012 841 1141 906 quo
1196 821 1378 890 hodie
1414 820 1529 904 fit,
1574 820 1760 889 modo
1807 817 2040 906 poenas
2082 820 2243 890 sumi
2271 820 2572 905 potuisse.

674 949 920 1021 Rursus
968 948 1153 1038 igitur
1199 969 1320 1034 pax
1370 949 1742 1036 denegatur,
1793 949 2229 1019 condemnatus
2289 948 2579 1017 omnibus

674 1078 750 1148 fit
800 1077 1072 1148 faidosus
1090 1126 1117 1163 ,
1184 1078 1263 1146 ab
1314 1095 1695 1162 unoquoque
1746 1076 2012 1162 opprimi
2061 1089 2304 1163 pooest3
2358 1096 2574 1146 verum

670 1207 796 1294 jam
840 1224 968 1274 non
1003 1206 1082 1274 ab
1133 1207 1266 1293 ejus
1300 1207 1609 1274 voluntate
1648 1205 1871 1292 pendet
1888 1251 1915 1288 ,
1960 1218 2168 1274 utrum
2215 1223 2357 1272 cum
2400 1220 2580 1290 gente

678 1352 793 1403 sua
824 1333 890 1401 in
929 1334 1175 1420 gratiam
1207 1333 1399 1401 redire
1442 1333 1588 1401 velit
1605 1381 1630 1418 ,
1678 1351 1807 1400 non
1836 1334 2062 1401 mulcta
2101 1333 2305 1401 soluta
2340 1333 2579 1400 calami-

683 1474 780 1528 tas
841 1460 1078 1529 tollitur
1091 1508 1116 1544 ,
1165 1479 1295 1528 non
1337 1431 1512 1546 juvat
1561 1460 1896 1529 conciliatio
1914 1505 1942 1545 ,
1975 1460 2086 1529 sed
2133 1459 2199 1527 in
2220 1474 2580 1545 perpetuum

681 1587 1020 1657 excluditur
1035 1634 1060 1669 ,
1145 1607 1224 1654 ne
1277 1587 1646 1673 supplicium
1709 1588 1957 1657 evadere
2006 1588 2204 1672 possit
2232 1587 2331 1656 vel
2355 1587 2584 1655 vindic·

684 1728 808 1786 tam
841 1714 1111 1802 effugiat.
1145 1716 1470 1799 Propterea
1501 1734 1806 1786 canotus
1823 1734 2107 1787 arnonus
2127 1763 2153 1799 ,
2191 1716 2302 1799 qui
2318 1716 2384 1782 in
2409 1715 2580 1801 Lege

685 1843 1011 1913 Saxonum-
1039 1843 1217 1912 sicuti
1276 1844 1341 1910 in
1390 1844 1523 1912 aliis
1574 1843 1912 1912 emendavit
1956 1843 2341 1928 potissimum
2361 1891 2387 1927 ,
2423 1862 2580 1928 quae

691 1970 1097 2038 Christianam
1145 1971 1492 2056 religionem
1543 1971 1893 2056 spectabant
1907 2018 1932 2054 ,
1987 1989 2066 2038 ne
2118 1972 2197 2039 ad
2249 1971 2581 2039 Ecclesiam

688 2094 1108 2181 confugientes
1160 2098 1465 2165 eluderent
1495 2098 1854 2165 sententiam
1868 2144 1893 2181 ,
1923 2098 2109 2166 edixit
2142 2113 2213 2167 ut
2263 2144 2317 2180 „
2358 2102 2584 2187 capim

697 2266 743 2306 „
781 2221 1124 2290 damnatus
1169 2223 1402 2292 nullibi
1431 2241 1648 2313 pacem
1685 2224 1938 2293 haberet
1954 2273 1979 2309 ‚
2034 2238 2098 2293 et
2116 2272 2143 2309 ‚
2188 2229 2247 2293 sl
2279 2232 2349 2293 in
2401 2226 2589 2294 ecclc-

696 2394 743 2433 „
781 2354 941 2419 stam
974 2354 1338 2439 confugeret
1353 2400 1378 2435 ,
1411 2352 1826 2436 reddemur,
1841 2351 1885 2384 ’⁹
1903 2354 2023 2436 (ιο
2022 2359 2058 2437 )
2096 2351 2257 2421 Cum
2299 2352 2461 2421 enim
2483 2372 2610 2420 ne*

694 2498 800 2548 mo
830 2492 1095 2547 armatus
1148 2480 1224 2545 ad
1258 2479 1376 2546 Dei
1404 2482 1637 2550 cultum
1689 2480 1919 2549 veniret
1933 2527 1958 2563 ,
2011 2500 2080 2547 ac
2116 2481 2239 2549 loci
2293 2482 2595 2549 veneratio

692 2605 1009 2689 impediret
1024 2652 1049 2688 ,
1085 2607 1411 2688 quominus
1437 2606 1501 2676 vi
1532 2608 1760 2675 extrahi
1809 2623 2060 2691 posset,
2108 2609 2429 2677 sacerdotis
2460 2611 2594 2677 offi-

695 2731 860 2802 cium
909 2748 1037 2802 erat
1083 2734 1547 2803 condemnatum
1600 2735 1896 2821 expellere
1951 2755 2021 2803 ac
2074 2736 2181 2804 tali
2229 2737 2413 2804 modo
2460 2737 2595 2805 vin-

701 2860 894 2929 dictae
921 2861 1176 2931 tradere.
1244 2863 1337 2931 Ut
1381 2881 1458 2929 ex
1486 2861 1653 2930 hisce
1680 2864 1803 2949 jam
1857 2880 2137 2948 appareat
2155 2912 2181 2948 ,
2223 2881 2597 2951 quantopere

701 2988 784 3057 sit
809 2990 1216 3059 necessarium
1237 3037 1263 3075 ,
1313 3004 1587 3059 accurate
1620 2989 1684 3058 in
1716 2991 1885 3059 hisce
1912 2990 2147 3077 legibus
2160 3038 2187 3075 ,
2222 3011 2378 3075 quae
2403 2994 2604 3079 primo

701 3114 949 3188 obtuitu
969 3119 1194 3188 nullam
1229 3118 1560 3205 analogiam
1575 3117 1796 3187 habere
1832 3118 2111 3188 videntur
2128 3166 2151 3201 ‚
2193 3120 2556 3207 distinguere
2575 3167 2600 3203 ,

703 3263 785 3312 ne
825 3247 889 3314 in
925 3247 1224 3333 originum
1274 3247 1688 3332 exploratione
1737 3247 1950 3315 similia
1996 3246 2440 3317 confundamus
2459 3296 2484 3332 ,
2532 3251 2601 3315 ac‘

612 3412 617 3416 ·
708 3374 924 3443 melius
951 3376 1141 3445 imbui
1176 3374 1489 3482 possimus
1508 3374 1902 3461 opinionibus
1929 3374 2089 3445 illius
2098 3376 2229 3446 aevi
2247 3423 2272 3461 ,
2292 3395 2419 3459 quo
2437 3377 2598 3459 leges

2482 3502 2615 3569 val-

811 3727 847 3793 (
866 3733 970 3796 ro)
997 3728 1123 3785 vid.
1172 3731 1309 3808 ια,
1345 3730 1615 3783 Saxonum
1667 3730 1782 3785 rie.
1847 3728 1956 3787 111.
1998 3737 2124 3799 up·
2166 3741 2226 3795 5·
2273 3730 2421 3798 apul
2465 3727 2603 3786 Can.

722 3813 926 3867 cinnum
977 3814 1121 3868 Yon.
1169 3813 1279 3871 111.
1320 3824 1383 3881 p.
1426 3826 1519 3876 47.
2395 3817 2402 3822 ·
