3000 4917
1272 323 1519 391 z
2238 334 2360 407 105

412 564 419 571 -
452 509 940 599 simplex.ind1cit
958 554 983 593 ,
1018 510 1185 593 quod
1221 520 1367 578 tunc
1401 510 1651 577 demum
1667 522 1815 592 post
1848 526 2074 580 annum
2107 511 2356 584 etdiem

452 643 791 710 necessario
845 637 1231 728 sequebatur⁸
1277 637 1608 722 Imperialis
1661 639 2061 723 proscriptio.
2137 624 2140 629 ⁵
2275 639 2282 643 ’

456 796 463 803 ·
533 772 744 854 Atque
794 767 939 835 hine
985 766 1188 835 videre
1236 780 1331 836 est
1350 812 1392 849 ,-
1428 786 1557 851 quo
1614 766 1800 835 modo
1848 766 2115 836 bannum
2146 767 2359 836 Comi-

352 892 357 899 ’
454 898 597 965 tiale
650 911 714 964 et
767 894 996 981 Regale
1031 894 1396 962 ‘cohaereant
1411 942 1437 977 ,
1486 894 1599 962 sed
1643 894 1720 962 ab
1769 895 1951 963 altera
1996 909 2165 979 parte
2207 897 2357 966 satis

453 1043 553 1091 me
579 1025 936 1110 exposuisse
978 1023 1239 1092 arbitror
1253 1067 1280 1105 ,
1315 1023 1519 1090 solum
1551 1022 1977 1106 Imperatorem
2012 1024 2363 1113 vel-Regem

454 1152 873 1220 Romanormn
926 1151 1012 1219 ita
1073 1148 1450 1236 proscribere
1500 1147 1779 1233 potuisse
1845 1163 1918 1216 ut
1972 1146 2358 1219 forbannitus

424 1281 591 1368 „lege
617 1272 626 1281 '
655 1293 721 1346 et
779 1280 916 1365 jure
961 1277 1261 1362 privetur.
1313 1275 1645 1360 Proscripti
1693 1275 1851 1342 enim
1867 1275 2180 1360 imperiali
2221 1295 2361 1344 sen·

462 1405 649 1473 tentia
691 1420 841 1474 sunt
888 1404 1015 1488 tebt
1076 1411 1195 1477 nub
1251 1404 1558 1495 teebtlossss
1617 1405 1693 1472 de
1747 1424 1874 1487 quo
1920 1406 2045 1491 jam
2095 1403 2208 1471 erit
2267 1404 2360 1472 vi-

457 1533 747 1602 dendum.
833 1533 1031 1600 Prima
1083 1552 1209 1600 vox
1250 1546 1451 1600 autem
1489 1533 1637 1600 satis
1685 1553 1837 1618 vaga
1869 1532 2356 1617 interpretatione
2469 1534 2474 1541 '

456 1658 858 1743 grammaticis
900 1657 1193 1740 accipitur
1211 1703 1237 1740 ‚
1275 1677 1527 1740 eamque
1570 1660 1911 1744 intelligunt
1942 1676 2015 1728 ut
2047 1662 2204 1726 idem
2233 1659 2362 1727 fere

458 1798 543 1851 stt
594 1804 663 1849 ac
705 1782 869 1874 jure
914 1763 1254 1849 destitutus
1269 1828 1295 1863 ,
1353 1784 1534 1847 exlex
1550 1829 1576 1865 ,
1613 1788 1782 1864 quod
1814 1783 2012 1852 tamen
2044 1804 2361 1854 erroneum

459 1927 646 1997 puto,
725 1910 928 1977 Primo
983 1909 1147 1976 enim
1199 1910 1339 1977 loco
1394 1909 1490 1976 bis
1536 1909 1691 1977 idem
1742 1911 2040 1980 diceretur
2058 1956 2085 1994 ,
2131 1911 2358 1997 quippe

458 2040 584 2124 etbt
650 2043 767 2110 unb
852 2036 1125 2124 mbtlosss
1189 2053 1336 2107 tunc
1412 2038 1575 2107 foret
1634 2040 1795 2124 jure
1887 2041 2226 2110 destitutus
2299 2054 2364 2109 et

430 2169 600 2253 jure
620 2171 933 2259 privatus
946 2215 972 2250 ,
1012 2188 1167 2251 quae
1199 2168 1530 2253 tautologia
1565 2169 1741 2253 plane
1772 2168 2218 2238 Germanorum
2246 2190 2354 2238 ve-

453 2309 663 2364 terum·
714 2294 1141 2364 consuetudini
1186 2297 1541 2364 adversatur
1557 2343 1582 2378 ‚
1641 2296 1753 2379 qui
1807 2313 2128 2381 propterea
2166 2314 2354 2365 voces

445 2422 874 2505 cumulabant,
911 2441 990 2489 ne
1024 2422 1171 2505 quid
1185 2423 1461 2491 omittere
1500 2423 1845 2492 viderentur
1860 2472 1886 2507 ,
1915 2439 2098 2507 atque
2136 2420 2354 2492 sedulo

448 2564 768 2634 propterea
798 2547 1027 2617 similes
1054 2550 1244 2620 vitare
1274 2551 1648 2622 conabantur
1688 2573 1895 2622 voces.
1980 2554 2106 2621 Sed
2133 2552 2352 2621 deinde

447 2677 616 2762 ipsae
657 2678 822 2763 leges
864 2697 1080 2746 vocem
1114 2679 1412 2764 explicant
1441 2701 1516 2749 ae
1568 2683 1644 2750 de
1672 2651 2358 2762 strictissiinmocabuli

448 2804 937 2888 interpretatione
1004 2806 1104 2874 hic
1178 2809 1563 2892 cogitandum
1609 2829 1744 2879 esse
1805 2812 2083 2878 suadent.
2172 2852 2220 2890 „
2257 2808 2352 2875 Es

456 2973 500 3010 ‚‚
540 2931 623 2996 ist
684 2933 968 3000 mancher
1044 2953 1184 3001 man
1238 2937 1539 3004 rechtloss
1590 2936 1699 3002 der
1748 2936 1909 3002 doch
1961 2933 2136 3000 nicht
2180 2930 2351 2996 echt-

456 3099 500 3138 „
541 3057 670 3124 loss
749 3057 855 3124 ist.
956 3060 1098 3126 Den
1162 3058 1260 3125 ein
1317 3061 1619 3126 rechtloss
1693 3078 1834 3125 man
1888 3078 2032 3142 mag
2081 3056 2210 3122 wol
2252 3053 2350 3132 ein

455 3229 500 3265 „
541 3182 772 3251 ehelich
824 3184 984 3250 weib
1015 3180 1250 3250 ‘nemen
1313 3186 1437 3253 und
1502 3184 1714 3251 ltinder
1769 3183 1880 3248 mit
1922 3183 1976 3249 ir
1999 3180 2347 3266 2gewinnen
2438 3198 2444 3204 ’

456 3355 501 3394 ,,
536 3310 637 3377 die
668 3311 746 3395 ‚ir
800 3308 1158 3393 ebenburtig
1229 3309 1454 3394 seyn.”
1519 3305 1523 3309 ’
1559 3310 1729 3376 Haec
1779 3309 2015 3392 speculi
2071 3309 2351 3378 saxonici

450 3438 636 3506 verba
705 3438 908 3506 statim
970 3438 1302 3504 ostendunt
1319 3484 1345 3519 ,
1395 3453 1525 3503 non
1576 3436 1842 3522 ejusdem
1897 3436 2348 3522 significationis

453 3538 589 3632 esse
653 3565 800 3632 haec
836 3565 1020 3634 verba
1037 3612 1062 3647 ‚
1117 3584 1186 3632 ac
1235 3578 1538 3649 praeterea
1583 3562 1816 3649 egregia
1850 3582 2068 3631 vocem
2119 3563 2362 3653 etbtlosss

451 3693 793 3777 illustrant3
846 3695 960 3780 teht
985 3693 1140 3760 enim
1173 3692 1272 3760 hic
1303 3712 1430 3761 non
1464 3684 1761 3779 significat
1788 3694 1933 3777 J‘uS‚
1990 3694 2128 3776 lex,
2164 3694 2349 3785 privi-

454 3818 674 3904 legium
702 3869 726 3904 ,
763 3823 871 3889 sed
941 3816 1031 3890 uti
1094 3821 1417 3892 hodiedum
1455 3823 1621 3907 apud
1665 3815 1961 3890 nostrates
1995 3822 2348 3909 intelligitur

1415 3950 1477 4015 Ο
2217 3963 2350 4010 ma-
