3000 4917
650 379 775 454 ass
1480 375 1724 434 Ξ

672 573 833 628 terea
886 569 1107 624 mutan
1125 599 1154 636 ,
1184 555 1294 624 sed
1342 555 1543 639 pulsis
1595 550 2045 638 magistratibus
2097 552 2250 620 novi
2294 554 2374 619 ad
2427 569 2572 624 ean·

668 685 807 754 dem
848 683 1201 767 dignitatem
1254 701 1293 750 e
1340 680 1683 750 victoribus
1727 679 2126 764 eligebantur.
2211 679 2302 748 At
2333 681 2390 747 si
2431 685 2570 750 diu·

664 825 848 877 turns
910 811 1145 879 invidia
1210 829 1284 878 ac
1340 823 1668 894 perpetuae
1723 811 2236 892 colluctationes;
2303 813 2566 893 repenti·

666 957 747 1008 na
800 953 1005 1008 tamen
1070 943 1427 1027 plerumque
1492 941 1815 1009 conversio
1883 955 2070 1024 atque
2143 941 2286 1007 hinc
2361 942 2563 1023 brevis

660 1065 943 1133 marchia
962 1111 989 1146 ‚
1040 1067 1125 1136 ita
1178 1082 1251 1135 ut
1270 1111 1297 1150 ,
1344 1068 1540 1136 turbis
1583 1069 1704 1136 illis
1737 1071 1920 1136 semel
1963 1067 2182 1136 sedatis
2198 1113 2222 1149 ‚
2255 1085 2370 1135 nec
2396 1069 2558 1154 juris

664 1189 1105 1261 administratio
1136 1211 1424 1266 cessaret.
1462 1195 1565 1264 Ex
1589 1193 1816 1262 crebris
1831 1193 2018 1278 igitur
2047 1195 2168 1262 illis
2197 1199 2564 1264 condemna·-

666 1315 943 1386 tionibus
978 1335 1052 1384 ac
1082 1317 1572 1388 restitutionibus
1591 1365 1618 1401 ,
1647 1321 1943 1388 uberrima
1979 1322 2348 1404 querelarum
2367 1339 2554 1408 etque

665 1447 971 1514 actionum
1013 1449 1194 1529 copia
1224 1447 1626 1531 nascebatur,
1673 1467 1816 1516 cum
1867 1469 1992 1520 non
2035 1463 2272 1516 tantum
2313 1451 2387 1516 de
2437 1451 2552 1518 bo-

670 1573 771 1640 nis
821 1573 999 1657 prius
1078 1573 1433 1643 confiscatis
1476 1591 1752 1660 ageretur
1765 1621 1794 1658 ,
1837 1577 1946 1644 sed
2001 1577 2076 1643 de
2129 1591 2292 1646 statu
2339 1598 2410 1645 ac
2451 1597 2550 1646 ca-

668 1701 931 1788 pacitate
1004 1703 1275 1771 restituti
1340 1701 1704 1774 multifariae
1767 1704 2151 1788 quaestiones
2211 1704 2544 1773 orirenturt

668 1832 937 1917 denique
996 1849 1125 1900 non
1198 1833 1278 1900 ad
1329 1835 1706 1916 potentiores
1747 1845 1980 1898 tantum
1999 1879 2026 1914 ‚
2075 1833 2182 1898 sed
2233 1835 2310 1900 ad
2343 1851 2552 1900 omnes

666 1959 891 2026 classes
972 1957 1199 2026 civium
1266 1959 1381 2024 hae
1444 1959 1984 2028 condemnationes
2041 1959 2508 2028 extendebantur
2525 1979 2548 2026 ε

666 2105 739 2152 ac
785 2085 1067 2166 quamvis
1112 2105 1406 2172 Jsconus
1480 2107 1575 2154 ns
1637 2108 1870 2158 snam
1887 2135 1912 2172 ,
1965 2091 2076 2172 qui
2127 2088 2372 2156 ardente
2416 2092 2554 2174 ipsa

670 2209 974 2280 discordia
1018 2223 1345 2279 tractatum
1396 2209 1473 2278 de
1502 2211 1778 2280 bannitis
1815 2213 2100 2298 scripsit,
2139 2215 2290 2298 (πο)
2345 2219 2555 2301 quoti·

665 2341 903 2409 dianam
952 2353 1015 2406 et
1058 2354 1375 2422 propterea
1426 2341 1640 2408 utilem
1703 2340 2140 2408 dissertationis
2203 2361 2348 2410 suae
2415 2365 2546 2414 non

662 2469 1068 2554 praedicasset
1092 2465 1395 2534 materiem
1418 2511 1443 2546 ,
1460 2465 1748 2532 historiae
1763 2480 1962 2532 tamen
1977 2441 2360 2534 monuments
2377 2469 2546 2536 illius

666 2588 937 2674 regionis
994 2589 1290 2657 evolvisse
1320 2589 1545 2656 sufficit
1567 2635 1591 2671 ‚
1633 2605 1704 2656 ut
1747 2593 1928 2677 hujus
1975 2595 2300 2660 sententiae
2330 2597 2544 2664 veritas

662 2715 980 2804 probetur.
1088 2713 1175 2780 At
1258 2732 1443 2795 supra
1517 2714 1820 2796 vidimus,
1925 2719 2312 2803 Imperatores
2388 2727 2544 2791 mul·

667 2846 753 2916 tis
800 2841 1183 2912 concessisse
1242 2839 1501 2908 urbibus
1557 2843 1694 2928 jura
1763 2848 1984 2931 regalis
2001 2894 2025 2931 ,
2071 2871 2144 2918 ac
2193 2853 2248 2920 si
2305 2855 2404 2922 vel
2439 2857 2548 2924 tali

666 2979 989 3068 privilegio
1038 2995 1169 3046 non
1222 2975 1550 3062 gauderent
1581 2977 1780 3061 pulsis
1826 2979 2250 3060 podestatibus
2301 3001 2336 3048 s
2381 2983 2551 3068 prin·

666 3109 805 3193 cipe
857 3105 1215 3176 constitutis
1233 3148 1260 3187 ‚
1318 3123 1439 3172 suo
1488 3119 1674 3172 marte
1725 3119 1927 3174 tamen
1973 3111 2158 3176 novis
2203 3130 2238 3177 a
2289 3132 2356 3182 se
2399 3117 2555 3181 elec.

666 3235 749 3306 tis
790 3237 1039 3303 eandem
1066 3233 1487 3302 auctoritatem
1529 3231 1918 3315 deferebant,
1961 3235 2046 3302 ita
2095 3251 2166 3304 ut
2207 3239 2395 3322 pleno
2429 3241 2554 3309 Im·-

552 3401 557 3409 -
662 3362 873 3446 periali
938 3357 1245 3430 forbanno
1328 3361 1526 3430 victos
1611 3331 2018 3430 adversarios
2055 3368 2542 3450 comprimerent.
2607 3438 2612 3446 ,

658 3483 871 3554 Plures
904 3487 1085 3553 etiam
1120 3487 1549 3572 Guelphorum
1581 3489 1658 3556 ab
1691 3489 2162 3572 imperatoribus
2209 3496 2540 3579 proscripti

664 3621 811 3673 sunt
828 3651 860 3688 ‚
903 3609 987 3675 ita
1032 3624 1105 3675 nt
1148 3611 1215 3678 in
1274 3609 1733 3694 quaestionibus
1774 3614 1902 3681 illis
1949 3633 2075 3682 non
2119 3631 2354 3686 tantum
2405 3639 2548 3704 pro-
2625 3621 2630 3624 ’

884 3827 887 3832 ¹
2427 3749 2557 3816 vin·

750 3875 915 3946 (20)
958 3877 1081 3934 Vid.
1130 3883 1367 3936 Oceanus
1402 3883 1562 3944 laris
1607 3885 1754 3941 XIV.
1796 3897 1938 3953 pag·
1959 3901 2076 3955 355·
2113 3894 2220 3946 vol.
2255 3905 2304 3946 1.
