3000 4917
1265 377 1516 408 ·····
2225 385 2354 458 145

432 559 751 626 nutionem
796 558 861 625 in
906 557 1151 626 dubium
1183 575 1465 625 revocare
1514 560 1804 643 possint,
1835 581 1980 629 cum
2029 563 2094 631 in
2139 578 2339 632 caete·

430 690 525 753 ris
546 732 571 767 ,
592 704 751 770 quae
764 685 1193 770 Longobardis
1209 702 1556 771 paruerant,
1571 689 1904 771 provinciis
1918 737 1944 772 ,
1965 687 2336 762 forbannum

428 836 469 882 a
526 833 795 882 cARoLo
836 833 1078 882 naono
1123 817 1249 901 jam
1301 817 1718 884 introductum
1771 817 2056 886 vidimus.
2143 817 2337 904 Quod

426 944 491 1010 si
560 961 705 1010 vero
790 961 971 1009 οττο
1044 962 1327 1010 neonus
1407 945 1747 1011 secundum
1801 944 1920 1028 Jus
1993 945 2340 1014 Romanum

430 1072 576 1138 lites
640 1070 875 1138 Romae
920 1073 1320 1156 composuit,
1389 1086 1574 1157 atque
1621 1072 1876 1142 crimina
1927 1073 2114 1158 iussit
2160 1073 2342 1156 puni-

430 1201 485 1266 ri
541 1199 699 1285 (16)
722 1246 747 1280 ‚
818 1199 1117 1282 siquidem
1182 1200 1305 1267 hoc
1364 1200 1441 1266 de
1496 1201 1764 1283 genuino
1815 1197 1954 1284 iure
2011 1199 2343 1286 Romano,

430 1328 610 1412 quod
660 1342 857 1394 tamen
923 1329 1097 1394 valde
1161 1327 1459 1409 dubium,
1522 1327 1780 1410 intelligi
1843 1327 2099 1412 debeat3
2167 1328 2344 1400 brevi

430 1469 604 1523 certe
629 1455 781 1522 illud
836 1453 962 1528 fuit
1003 1455 1341 1522 sublatum.
1421 1454 1660 1522 Edixit.
1686 1454 1848 1522 enim
1901 1473 2090 1523 o'r‘ro
2140 1457 2223 1525 11.
2273 1459 2344 1528 in

439 1584 645 1651 causis
687 1584 763 1649 de
809 1583 1148 1663 servitute,
1198 1583 1269 1648 de
1315 1581 1600 1666 deposito
1622 1628 1649 1665 ,
1691 1583 1770 1648 de
1817 1584 2048 1668 praedii
2082 1603 2344 1669 posses-

440 1710 623 1776 sione
656 1725 869 1776 omnes
890 1709 1093 1774 ltaliae
1127 1709 1355 1774 incolas
1374 1753 1401 1788 ‚
1434 1727 1806 1792 quacunque
1837 1712 2014 1795 lege,
2046 1714 2148 1779 vel
2161 1713 2343 1782 etiam

442 1837 725 1903 Romana
760 1836 1011 1917 vivant,
1058 1837 1163 1921 jus
1199 1853 1379 1901 suum
1410 1853 1616 1919 pugna
1628 1835 1886 1919 probare
1913 1836 2336 1924 debere(17)=

443 1966 615 2048 quod
632 1964 785 2030 mihi
799 1964 1165 2031 documento
1198 1981 1333 2030 esse
1363 1963 1644 2046 videtur,
1666 1965 1744 2032 ad
1773 1963 2176 2034 Bar-batorum
2191 1937 2344 2034 coo-

446 2093 801 2159 suetudines
824 2091 1175 2158 Romanum
1208 2095 1311 2178 jus
1333 2135 1358 2174 ‚
1391 2092 1522 2159 imo
1559 2092 1924 2190 compendia
1951 2093 2108 2178 juris
2139 2091 2338 2162 fuisse

442 2237 763 2304 corrupta.
848 2222 937 2287 Ita
979 2233 1049 2285 ut
1076 2267 1101 2301 ‚
1138 2219 1189 2285 si
1226 2219 1473 2302 probari
1491 2237 1748 2302 nequeat
1774 2234 1916 2288 ante
1943 2221 2062 2288 hoc
2095 2237 2340 2308 tempus

440 2371 479 2416 a
530 2349 747 2432 capitis
792 2349 1129 2415 minutione
1161 2348 1363 2416 fuisse
1414 2366 1722 2416 recessum
1747 2395 1770 2429 ‚
1825 2365 1900 2414 ex
1955 2348 2080 2416 hoc
2129 2363 2332 2418 tamen

440 2480 686 2546 decreto
774 2477 931 2562 (18)
1000 2478 1345 2544 verosimile
1408 2478 1534 2559 sit,
1610 2477 1958 2544 institutum
2027 2477 2115 2543 ita
2191 2497 2337 2549 cum

440 2610 723 2674 universa
748 2608 905 2693 juris
952 2608 1223 2690 analogia
1248 2606 1581 2674 cohaerens
1602 2623 1790 2686 ‚eum
1815 2605 2071 2672 caeteris
2109 2605 2336 2674 mediae

445 2738 663 2804 aetatis
732 2719 1036 2804 Barbariei
1120 2735 1321 2802 minus
1404 2733 1692 2819 adaptatis
1709 2782 1735 2818 ,
1803 2732 2174 2817 exolevisse3
2259 2745 2336 2800 ut

2215 2863 2340 2946 jam

541 3069 693 3136 (16)
737 3071 864 3126 vid.
908 3083 1145 3121 sstvtcuv
1191 3073 1381 3129 θεαὶ.
1414 3075 1508 3122 dee
1540 3071 1614 3124 R.
1649 3071 1850 3122 Rechts
1879 3074 1946 3121 in
1994 3067 2330 3121 Minelalur

446 3157 508 3208 C.
551 3155 705 3205 x111.
756 3164 811 3217 ρ.
866 3165 975 3214 194.
1026 3151 1199 3214 ibique
1244 3154 1298 3201 in
1343 3153 1510 3204 notis.

540 3237 683 3300 (17)
729 3234 903 3298 Leges
953 3232 1167 3282 ottonis
1212 3231 1290 3285 11.
1340 3230 1477 3298 Cap.
1521 3232 1592 3284 X.
1645 3232 1812 3284 Canc-
1851 3229 1896 3283 1.
1938 3243 2061 3294 ²2³·

542 3319 649 3383 (18
666 3324 697 3382 )
742 3314 1043 3366 verosimile
1062 3349 1081 3376 ,
1130 3314 1357 3377 inquam,
1418 3330 1533 3368 cum
1551 3315 1682 3366 enlm
1710 3313 1846 3367 nulla
1873 3313 1958 3365 lex
1988 3324 2173 3377 exstet,
2201 3328 2330 3378 quae

445 3401 597 3461 docet
641 3399 765 3452 illud
811 3399 961 3451 fuisse
1014 3399 1302 3459 sublatum,
1352 3413 1411 3452 ac
1442 3413 1556 3451 raro
1601 3413 1769 3450 earum
1801 3411 1964 3449 rerum
2009 3399 2200 3451 mentio
2239 3399 2329 3452 fiat

442 3501 573 3550 quae
621 3486 673 3536 in
734 3484 1139 3536 desuetuedinem
1200 3485 1451 3549 abierunt,
1515 3485 1578 3554 aql
1625 3483 1930 3536 evidentiam
1987 3483 2070 3534 hic
2114 3483 2322 3552 demon?

442 3571 617 3621 stratio
664 3569 870 3632 perduci
913 3569 1121 3632 aequin
1172 3569 1438 3633 quamvis,
1465 3570 1510 3621 si
1555 3584 1716 3620 meam
1761 3568 1913 3619 licent
1943 3567 2168 3618 emittere
2213 3565 2325 3629 opi-

437 3654 669 3718 nionem,
722 3669 785 3705 ex
834 3654 1116 3705 conditione
1161 3655 1337 3705 Italiae
1380 3665 1433 3705 et
1465 3653 1650 3706 civium
1680 3653 1904 3724 moribus
1943 3650 2050 3703 sine
2081 3649 2180 3702 ulla
2208 3651 2328 3701 hne-

379 3731 384 3735 ’
430 3737 667 3790 sitatione
744 3737 1134 3801 affirmaverim,
1197 3752 1310 3789 cum
1355 3740 1663 3790 Graecorum
1724 3738 1775 3788 ln
1831 3733 1974 3788 Italia
2031 3734 2325 3786 auctoritate

434 3822 579 3872 simul
612 3822 812 3885 periisse
852 3822 1001 3873 etiam
1035 3821 1211 3886 capitis
1252 3821 1632 3874 dimunitionem
1649 3857 1670 3883 ‚
1705 3836 1844 3888 quae.
1883 3835 1913 3872 ι
1955 3819 2066 3874 solo
2105 3823 2328 3884 lmpen·

432 3916 543 3958 tore
586 3905 675 3957 vel
722 3907 979 3970 praefecto
1010 3904 1261 3970 praetorio
1288 3905 1449 3971 infligi
1498 3916 1719 3970 poterat.
1817 3939 1824 3944 -

1443 4009 1508 4078 T
