3000 4917
1350 329 1598 390 =
2301 321 2420 392 261

516 507 720 584 tiones
784 525 889 580 ac.
924 512 1423 595 disceptationes.
1523 515 1686 580 Cum
1759 520 1904 581 v‘ero
1957 515 2020 582 in
2069 515 2238 582 omni
2288 517 2424 600 lege

504 644 886 736 requiritur,
926 654 997 707 ut
1033 638 1265 722 aliquid
1300 641 1609 708 commodi
1637 642 1702 706 in
1731 659 1798 707 se
1826 640 2045 708 habeat
2065 683 2084 716 ,
2120 659 2252 726 quo
2290 662 2424 710 sae*

514 772 656 853 pius
706 770 777 836 fit
798 815 823 850 ,
902 783 971 835 ut
1026 788 1096 835 ea
1168 786 1329 850 quae
1399 769 1463 833 in
1522 767 1823 834 abstracto
1887 769 2190 851 vituperio
2233 771 2421 852 digna

516 912 708 979 sunt,
765 898 1148 964 necessitatis
1194 897 1293 961 vel
1344 896 1623 962 utilitatis
1659 879 1869 978 'gratia
1893 895 2418 981 .introducantur‚

516 1025 723 1107 quaeri
792 1039 1050 1108 oportet
1069 1062 1095 1104 ,
1176 1039 1252 1090 an
1315 1011 1491 1088 tales'
1563 1025 1692 1089 sint
1779 1023 1994 1090 mortis
2071 1023 2265 1092 civilis
2323 1043 2416 1091 ra-

516 1153 685 1220 tione
716 1151 997 1238 publicae
1054 1149 1267 1218 salutis
1297 1148 1583 1230 fructus,
1640 1162 1711 1216 ut
1745 1149 2066 1218 ⁴defectum
2120 1167 2180 1218 et
2226 1153 2418 1219 ambi-

515 1276 805 1364 guitatem
858 1291 1284 1361 compensent.
1387 1276 1633 1364 Quodsi
1683 1292 1830 1346 vero
1884 1279 2040 1346 hane
2065 1281 2408 1362 -quaestio-

511 1425 651 1474 nem
688 1406 841 1472 mihi
880 1418 1125 1494 tangere
1172 1407 1391 1486 liceat,
1444 1406 1804 1490 hujusmodi
1839 1405 1988 1473 nihil
2019 1407 2224 1474 video.
2265 1406 2418 1474 Ete-

512 1535 639 1600 nim
658 1578 682 1615 ,
720 1535 841 1600 nisi
874 1531 1055 1600 failor
1076 1579 1102 1614 ,
1144 1552 1414 1615 poenae,
1450 1547 1520 1599 ut
1554 1548 1846 1600 terrorem
1882 1535 2186 1600 incutiant
2205 1577 2230 1614 ,
2266 1549 2416 1600 con·

510 1651 852 1730 stituuntur
899 1681 971 1728 ac
1010 1660 1329 1746 ‚maleficos
1388 1661 1654 1729 nocendi
1699 1653 2052 1728 facultatem
2121 1661 2412 1730 adimant.

500 1787 641 1873 Jam
711 1803 872 1856 tanta
930 1788 1449 1874 Jurisprudentiae
1507 1791 1670 1855 mole
1723 1809 1796 1856 ac
1845 1789 2120 1856 doctrina
2181 1787 2412 1871 indiget

515 1935 685 1984 mors
734 1917 977 1999 civilis,
1026 1930 1100 1983 ut
1159 1931 1407 2000 captum
1473 1917 1646 2001 vulgi
1703 1913 1884 1982 facile
1945 1915 2233 1996 excedat,
2291 1928 2408 1981 nec

509 2061 731 2110 sensus
785 2044 1002 2112 afficiat
1050 2045 1209 2112 idem
1263 2045 1423 2110 enim
1478 2061 1574 2109 est
1633 2043 1882 2109 caeteris
1929 2043 2114 2109 simul
2142 2042 2220 2109 ad
2251 2059 2410 2123 opus

508 2139 826 2255 publicum
866 2173 1162 2238 damnatis
1208 2175 1505 2255 squalor,
1543 2171 1766 2253 stigma
1814 2182 1883 2236 ac
1931 2170 2103 2234 ardui
2140 2169 2405 2236 labores.

504 2295 647 2366 Nec
714 2300 863 2366 mihi
926 2298 1232 2366 infamiam
1284 2298 1425 2379 quia
1462 2297 1712 2383 objiciat
1730 2339 1771 2378 ,.
1815 2314 1972 2379 quae
2026 2297 2172 2363 licet
2215 2297 2406 2378 magia

506 2426 885 2507 moralibus‚'
970 2439 1043 2492 ut
1112 2426 1195 2493 ita
1268 2426 1459 2491 dicam
1480 2467 1508 2507 ‚
1587 2423 1806 2507 poenis
1867 2441 2050 2507 quam
2127 2421 2405 2506 physicis

502 2554 885 2622 annumerari
922 2552 1183 2634 debeat,
1224 2567 1425 2620 tamen
1480 2551 1809 2620 utilissima
1866 2565 1989 2618 est.
2071 2550 2161 2616 At
2193 2565 2407 2617 tenen·

500 2683 650 2750 dum
741 2682 862 2748 hoc
932 2699 1007 2746 ex
1078 2681 1359 2749 humanis
1420 2699 1492 2748 ac
1553 2677 1924 2748 naturalibus
2002 2678 2404 2760 opinionibus

400 2906 407 2912 ὁ
500 2807 735 2876 trahere
801 2810 1094 2893 originem
1121 2852 1146 2890 ,
1221 2807 1443 2892 quibus
1511 2811 1718 2894 scaldis
1787 2825 1860 2874 ac
1931 2824 2118 2889 prava
2165 2806 2406 2871 indoleo

501 2936 981 3004 aestimationem
1046 2937 1305 3017 minuit3
1380 2949 1441 3001 at
1509 2935 1768 3001 humana
1833 2933 1987 3000 ratio
2062 2947 2400 3014 numquam

500 3065 743 3146 attasit,
800 3077 869 3130 nt
917 3063 1225 3132 hominem
1261 3061 1559 3143 perditum
1597 3079 1668 3126 ac
1717 3061 2017 3125 crudelem
2043 3103 2086 3140 a.
2113 3060 2399 3126 omnibus

500 3192 669 3258 vitiis
723 3190 1100 3272 inquinatum
1128 3233 1153 3270 ,
1204 3205 1322 3272 pro
1374 3203 1621 3254 mortuo
1669 3185 1911 3252 haberet
1973 3201 2080 3251 aut
2120 3187 2257 3271 jure
2314 3187 2404 3250 ci-

498 3319 607 3388 vili
676 3317 1017 3400 privatum,
1092 3316 1215 3383 nisi
1280 3317 1401 3382 hoc
1455 3317 1534 3382 ad
1581 3316 1810 3385 mediae
1869 3313 2078 3380 aetatis
2124 3311 2394 3397 linguam

495 3447 830 3528 Intelligere
881 3445 1143 3512 velimus
1162 3481 1187 3526 ,
1248 3460 1388 3525 qua'
1412 3422 1634 3510 aalma
1664 3459 1759 3515 ex
1807 3455 2063 3526 peccato
2111 3441 2394 3508 moritur.

497 3571 677 3639 Plane
730 3573 915 3654 igitur
975 3570 1241 3637 abundat
1300 3588 1464 3637 mors
1524 3569 1722 3636 civilis
1746 3612 1775 3651 ‚
1807 3569 1817 3576 “
1846 3585 1990 3636 cum
2047 3568 2103 3634 si
2159 3568 2236 3634 de
2297 3585 2395 3634 ae-

496 3701 763 3766 cretione
812 3697 1201 3768 condemnati
1252 3711 1503 3780 agatur,
1565 3697 1783 3763 melius
1834 3712 2068 3762 carcere
2126 3711 2198 3762 ac
2252 3695 2391 3761 vin·

492 3825 641 3893 culo
692 3842 951 3910 scopum
1014 3801 1485 3910 persequimur,
1531 3824 1632 3892 sin
1682 3841 1830 3894 veto
1879 3821 2154 3908 aufugiat
2211 3823 2392 3890 etiam

513 3937 523 3948 ’
960 3943 967 3948 ’
1398 3950 1457 4020 K
1476 3950 1518 4018 k
1562 3970 1602 4036 3
1881 3973 1884 3980 ·
2303 3949 2400 4016 in·
