3000 4917
1246 336 1489 413 -'-··-·-·-·='
2235 330 2321 430 rs

434 537 594 607 forte
635 538 881 623 saepius
928 550 1055 604 non
1098 533 1344 605 aderant
1358 584 1384 620 ‚
1430 534 1501 602 ac
1534 534 1940 606 contumaciae
1980 540 2180 623 poena
2212 540 2326 608 esi-

435 678 568 751 set,
618 641 748 733 non
800 664 1211 748 requirebatur
1265 660 1666 748 delinquentis
1715 664 2047 749 praesentia
2083 678 2155 734 ac
2195 682 2312 736 no-

437 806 577 865 men
613 791 677 860 et*
705 806 926 863 statum
965 790 1116 859 scire
1163 802 1392 860 tantum
1438 808 1727 875 neccsse,
1758 808 1830 861 ut
1872 792 2030 863 latro
2069 794 2154 863 ab
2184 810 2316 863 om-

433 922 500 988 ni
540 920 681 990 cive
717 918 892 988 etiam
939 939 1014 988 eo
1054 916 1250 1004 spado
1268 966 1293 1001 ‚
1350 937 1476 1002 quo
1517 938 1562 988 ‘a
1605 920 1810 1005 rapina
1852 936 1915 988 et
1949 923 2092 990 sede
2111 920 2333 1011 'otium‘
2386 1008 2391 1013 .

437 1064 650 1134 capere
686 1047 1000 1117 videbatur
1044 1042 1321 1131 opprimi
1348 1058 1585 1131 posset.
1658 1044 1836 1118 THinc
1881 1067 1918 1115 a
1943 1051 2178 1116 nemine
2225 1048 2330 1120 re·‘

439 1176 562 1260 cipi
622 1189 858 1260 poterat
915 1174 1033 1242 nisi
1078 1170 1354 1243 ‘mulctae
1404 1170 1721 1258 culpabilis
1770 1191 1903 1243 esse
1948 1174 2127 1242 vellet
2144 1224 2170 1260 ‚
2219 1191 2330 1245 aut

443 1304 602 1372 sicut
664 1300 1018 1371 Benedictus
1076 1300 1291 1370 Levita
1334 1299 1416 1368 ait
1468 1292 1664 1385 (39),
1723 1301 1967 1368 eandem
2011 1321 2190 1385 quam
2243 1304 2332 1372 lass

446 1447 540 1500 tro
590 1430 794 1499 subire
851 1448 1106 1514 poenam
1121 1478 1147 1514 ‚
1202 1428 1413 1496 deinde
1446 1430 1500 1496 si
1553 1428 1781 1499 Comes
1810 1428 2066 1513 aliquem
2116 1431 2180 1497 in
2204 1426 2336 1501 for-³

446 1559 712 1627 bannum
801 1544 1066 1626 misisset
1088 1603 1114 1637 ‚
1197 1573 1277 1622 ne
1338 1557 1402 1623 in
1450 1558 1625 1626 aliam
1675 1558 1974 1627 comitiam
2005 1556 2342 1645 transgresl

448 1702 558 1752 sus
580 1731 605 1765 ‚
652 1697 790 1751 tuto
840 1683 1200 1748 commercio
1232 1682 1547 1750 hominum
1575 1683 1695 1752 frui
1710 1731 1734 1764 ‚
1783 1704 1855 1750 ac
1882 1684 2208 1752 latrocimis
2243 1680 2338 1753 xri-¹

449 1826 591 1878 vere
628 1821 846 1894 ¹posset
865 1857 887 1887 ‚
934 1805 1094 1875 illius
1134 1802 1266 1874 'erat
1307 1806 1566 1874 officium
1611 1808 1868 1893 collegas
1905 1811 1982 1876 de
2035 1809 2338 1878 forbanno

452 1925 645 2004 facere
701 1932 984 2003 certiores
1049 1934 1246 2020 (40),
1318 1950 1389 2002 ut
1460 1935 1516 2002 si
1582 1936 1708 2004 fieri
1781 1953 1993 2020 posset
2047 1936 2342 2007 latronem*

449 2066 885 2150 prehenderent
900 2111 924 2147 ,
986 2052 1090 2132 aut
1128 2063 1348 2130 -saltem
1412 2078 1473 2130 et
1500 2062 1608 2130 'ibi
1660 2075 1779 2148 pax
1824 2064 1879 2132 ei
1927 2066 2342 2152 denegarem:

451 2193 537 2260 Ita
608 2192 852 2276 quidem
919 2190 1148 2273 antiqui
1211 2188 1490 2258 forbanni
1552 2189 1748 2259 forma
1812 2209 1873 2259 ct
1919 2190 2169 2262 effeetus
2216 2212 2343 2262 ser-t

449 2318 571 2388 vati
625 2335 770 2389 sunt
787 2367 812 2401 ‚
868 2319 975 2386 sed
1012 2288 1261 2402 propter
1295 2336 1474 2386 casus
1493 2366 1517 2401 ‚
1580 2319 1801 2402 quibus
1837 2316 2103 2387 adhiberi
2139 2321 2341 2404 coepit

449 2434 710 2531 speciem
748 2445 1028 2515 mutavit.
1115 2446 1304 2533 Quod
1359 2444 1514 2512 enim
1551 2444 1746 2530 'prius
1801 2447 1878 2513 ad
1934 2436 2344 2516 conciliandos
2427 2540 2432 2545 .

447 2574 748 2660 superbos
812 2572 1105 2643 nobilium
1182 2573 1418 2642 animos
1490 2574 1888 2660 excogitatum
1952 2572 2151 2643 fuerat
2168 2625 2193 2659 ‚
2253 2594 2339 2645 ne

447 2703 931 2787 propinquorum
987 2712 1051 2768 et
1121 2702 1404 2770 clientum
1461 2720 1716 2770 numero
1776 2703 1941 2770 omni
1992 2700 2339 2788 injuriarum'

449 2842 664 2913 genere
696 2830 1058 2896 exsultarent
1075 2876 1096 2908 ,
1137 2843 1362 2896 mutata
1390 2842 1735 2914 temporum
1767 2828 1998 2896 ratione
2012 2875 2037 2910 ‚
2089 2831 2165 2894 ad
2195 2824 2344 2896 con-'

451 2968 692 3019 temtam
742 2954 1058 3022 hominum
1093 2954 1339 3022 classem
1361 3003 1386 3037 ‚
1423 2957 1501 3022 ad
1551 2956 1802 3022 rebelles
1818 3002 1843 3036 ‚
1883 2954 2151 3036 perditos
2178 3000 2204 3034 ‚
2254 2966 2344 3020 at·¹

445 3090 628 3162 atque
660 3080 964 3146 mendicos
992 3078 1349 3163 applicatum
1370 3128 1395 3162 ‚
1439 3098 1598 3162 quos
1617 3127 1642 3161 ,
1693 3078 1749 3146 si
1801 3098 1928 3146 non
1975 3080 2072 3146 lex
2114 3098 2222 3147 eos
2255 3074 2345 3146 ini

451 3202 660 3271 famiae
725 3206 954 3273 macula
1013 3219 1282 3272 notasset
1302 3252 1327 3287 ,
1404 3205 1576 3289 vulgi
1646 3204 1855 3287 opinio
1908 3187 2131 3289 sponte
2180 3198 2347 3274 omni

451 3330 685 3402 honore
715 3331 1049 3418 privasset,
1083 3347 1265 3415 atque
1311 3330 1458 3400 hinc
1505 3348 1635 3401 non
1672 3350 1868 3420 poena
1917 3347 2145 3405 tantum
2168 3383 2194 3421 ,
2238 3332 2347 3404 sed

2218 3473 2352 3548 gra-

548 3688 653 3749 (38
667 3688 698 3750 >
747 3688 880 3752 cap·
931 3689 978 3738 1·
1032 3687 1133 3739 Ao·
1185 3689 1302 3755 8090
1353 3689 1416 3742 Co
1466 3701 1546 3741 11·

555 3773 583 3831 ζ
601 3785 664 3836 39
679 3772 710 3832 )
759 3771 832 3824 L.
879 3771 1037 3824 vm.
1083 3785 1201 3837 344·

558 3857 707 3921 (ῳ)
751 3855 889 3922 CC?-
931 3854 1008 3907 no
1055 3850 1156 3911 Ao·
1201 3854 1318 3919 ⁸090
1368 3856 1426 3908 eo
1475 3867 1530 3916 ⁴⁰

1485 3956 1624 4027 1³2
