3000 4917
649 376 780 453 228
975 432 988 443 -
1469 386 1714 448 ..q-g·-

660 576 780 647 nisi
830 590 1002 654 vox,
1062 589 1184 655 qua
1242 569 1570 639 tribunalia
1622 571 1945 638 saecularia
2006 574 2422 658 cognitionem
2478 572 2567 644 de

662 703 794 771 voti
840 701 1107 783 sequelis
1141 700 1220 767 ad
1265 716 1334 765 se
1373 712 1725 781 traxerunt,
1781 717 1859 764 ne
1907 701 2110 767 clerici
2163 703 2228 767 in
2265 721 2381 768 suo
2416 704 2568 770 foro

652 826 1020 911 reipublicae
1085 827 1371 893 damnum
1432 824 1762 908 afferrent,
1854 830 2042 894 nimia
2105 831 2564 913 privilegiorum

656 954 1034 1024 extensione.
1145 953 1405 1023 Proinde
1484 971 1612 1021 non
1686 954 1885 1021 mirari
1950 972 2195 1037 oportet
2309 973 2557 1024 monz·

653 1102 814 1151 nou
878 1083 953 1149 de
991 1082 1140 1167 jure
1197 1080 1571 1151 haereditatis
1641 1079 1942 1161 Equitum
2011 1082 2413 1150 Maltensiutn
2463 1103 2552 1153 ex

655 1208 941 1277 Novellis
1003 1224 1394 1294 Jusrmum
1449 1208 1846 1289 disputasse,
1920 1209 2250 1276 salvatoris
2305 1213 2459 1276 dicta
2509 1230 2555 1276 e

654 1336 976 1407 Pmdecus
1044 1338 1404 1405 illustrasse.
1514 1334 1757 1417 Scopus
1829 1336 1987 1403 enim
2061 1337 2274 1404 mortis
2349 1338 2558 1405 civilis

661 1463 1177 1535 monasterialium
1266 1461 1411 1526 baec
1490 1462 1641 1527 satis
1684 1464 2023 1545 explicant
2093 1478 2280 1545 atque
2345 1485 2552 1546 parurn

664 1604 989 1676 propterea
1035 1585 1265 1669 refert,
1323 1600 1531 1653 utrum
1579 1607 1614 1652 a
1660 1587 1884 1669 papis,
1945 1608 2021 1656 an
2072 1608 2218 1656 vero
2269 1610 2305 1656 a
2363 1593 2555 1673 genti-

655 1717 812 1789 litiis
856 1727 1207 1800 argumenta
1260 1729 1515 1797 petant,
1574 1716 1767 1781 modo
1830 1716 1911 1781 ita
1965 1717 2414 1800 disponantur,
2475 1735 2548 1785 ut

655 1846 927 1929 speciem
982 1842 1249 1909 veritatis
1306 1860 1448 1925 prae
1505 1860 1570 1907 se
1621 1839 1844 1909 ferant.
1953 1843 2221 1911 Omissis
2279 1847 2550 1928 politicis

650 1974 1039 2051 rationibus,
1080 1989 1244 2037 mors
1282 1968 1519 2048 civilis,
1560 1969 1667 2033 nbi
1708 1970 1783 2033 de
1818 1971 2130 2037 monachis
2162 1974 2362 2053 agitur
2391 2017 2417 2052 ,
2458 1992 2550 2049 rer,-

652 2118 792 2165 vera
840 2098 1147 2180 abundat,
1208 2112 1343 2163 nam
1402 2114 1437 2162 e
1490 2096 1788 2163 castitatis
1840 2115 1912 2163 ac
1966 2101 2333 2181 paupertatis
2388 2115 2545 2166 voto

653 2225 859 2294 omnia
907 2226 1007 2291 illa
1051 2223 1369 2306 profluunt
1393 2268 1418 2304 ‚
1473 2241 1628 2305 quae
1677 2223 1965 2307 deinceps
2016 2244 2136 2292 una
2188 2245 2340 2294 voce
2377 2248 2546 2294 mors

648 2353 855 2422 civilis
905 2352 1065 2417 dicta
1102 2349 1297 2417 fuere.
1380 2350 1541 2421 Nam
1588 2351 1641 2416 si
1692 2355 1972 2432 quaestio
2010 2353 2285 2432 oriatur,
2334 2371 2544 2420 utrum

653 2481 1046 2549 donationem
1104 2479 1225 2544 sibi
1289 2476 1509 2544 factam
1565 2478 1904 2545 monachus
1962 2481 2235 2562 accipere
2295 2481 2546 2563 possit,

647 2624 780 2672 non
834 2622 1083 2671 necesse
1138 2618 1233 2701 est
1294 2604 1372 2670 ad
1425 2620 1683 2670 mortem
1740 2622 2044 2671 recurrere
2102 2605 2378 2685 civilem,
2439 2606 2555 2675 sed

649 2729 758 2814 qui
787 2728 942 2797 nihil
969 2727 1091 2794 sibi
1142 2728 1360 2795 habere
1406 2731 1719 2810 pollicitus
1767 2747 1905 2813 est,
1966 2731 2253 2800 omnibus
2311 2731 2544 2817 bonis,

653 2860 858 2943 igitur·
896 2873 958 2923 et
997 2854 1438 2924 donationibus
1493 2857 1898 2925 renunciavit.
1987 2856 2128 2926 Tali
2183 2862 2372 2928 modo
2414 2863 2552 2928 uni·-

656 3005 836 3055 vetsa
882 2985 961 3053 ab
1015 2984 1455 3068 interpretibus
1508 2985 1783 3053 doctrina
1851 2987 2152 3068 traditur,
2225 3006 2423 3070 neque
2478 3004 2551 3054 ut

651 3115 850 3198 prima
916 3109 1122 3179 fronte
1182 3112 1482 3198 suspicari
1550 3131 1762 3195 posset
1813 3113 1891 3179 ad
1928 3117 2231 3197 generale
2300 3118 2561 3197 aliquod

655 3257 970 3327 systema,
1026 3241 1137 3307 sed
1187 3240 1265 3305 ad
1308 3241 1641 3324 singulares
1686 3241 2162 3308 constitutiones
2198 3262 2268 3309 ac
2308 3243 2549 3309 decreta

655 3381 1043 3449 recurrunt,
1075 3386 1230 3450 quae
1291 3367 1355 3433 in
1399 3387 1587 3433 unum
1623 3368 1882 3433 collecta
1934 3386 2010 3434 ac
2062 3367 2382 3435 ordinatim
2421 3370 2551 3436 dis-

650 3498 868 3582 posita'
924 3493 1359 3562 monachorum
1422 3492 1716 3560 definiunt
1763 3509 1990 3561 statum
2013 3538 2041 3576 ,
2101 3515 2236 3578 quo
2281 3496 2551 3564 civiliter

655 3622 886 3691 mortui
955 3623 1266 3689 dicuntur.
1364 3621 1534 3687 Hinc
1596 3622 1752 3688 nihil
1817 3621 2073 3704 impedit
2109 3667 2141 3705 ,
2209 3625 2550 3705 quominus

653 3746 1137 3833 propositionem
1184 3761 1534 3814 convertam
1555 3792 1580 3830 ,
1632 3763 1695 3814 et
1740 3766 1814 3813 ex
1851 3748 2018 3816 hisce
2056 3751 2378 3834 principiis
2414 3770 2548 3818 non

659 3874 991 3942 maturum
1064 3873 1366 3954 arbitror,
1447 3876 1501 3942 si
1581 3889 1839 3942 mortem
1907 3877 2149 3946 civilem
2213 3878 2557 3945 monacho·

2408 4020 2553 4071 ruffi
