3000 4917
685 410 810 476 224
1512 400 1757 459 =

690 582 1115 670 exspectabant
1138 581 1216 648 nd
1247 580 1711 649 similitudinem
1756 597 2068 648 servornm
2114 597 2350 663 poenae
2366 628 2393 664 ‚
2424 600 2617 650 com

685 713 1094 782 munitarum.
1216 708 1525 794 Religiosi
1620 709 1795 777 initio
1865 728 1998 776 non
2064 726 2282 777 omnes
2336 713 2605 779 civiliter

685 840 914 907 mortui
959 838 1071 904 sed
1125 837 1462 905 Minoi-im
1536 841 1876 922 caeterique
1958 840 2415 921 mendicantes,
2512 843 2601 906 si-

686 967 820 1033 cuti
884 965 1195 1050 Leprosi,
1248 979 1484 1032 tantum
1535 966 1614 1032 ad
1663 967 1829 1032 hunc
1876 979 2106 1033 statum
2160 984 2313 1033 voto
2364 969 2599 1050 redige-

693 1094 941 1162 bantur.
1059 1094 1474 1177 Leprosorum
1543 1071 1692 1160 'vero
1767 1095 2048 1160 conditio
2068 1139 2094 1174 ,
2164 1112 2308 1159 cum
2376 1095 2597 1161 morbo

681 1243 756 1291 ac
813 1221 1083 1308 perfecta
1146 1225 1341 1307 magis
1391 1223 1642 1288 sanandi
1690 1222 1928 1288 ratione
1949 1267 1977 1304 ,
2020 1222 2227 1304 periit.

773 1353 1059 1421 Accessit
1080 1351 1332 1418 durante
1351 1370 1419 1416 ea
1456 1395 1483 1431 ,
1502 1370 1685 1434 quam
1728 1369 1895 1415 nunc
1934 1365 2309 1430 tractatum,
2342 1348 2602 1432 periodo

686 1497 850 1548 nova
896 1480 1158 1545 civiliter
1203 1497 1590 1545 mortuorum
1637 1479 1858 1544 classis
1879 1524 1906 1560 ‚
1951 1496 2108 1561 quae
2155 1496 2288 1544 non
2333 1475 2601 1559 antiquis

686 1607 922 1691 legibus
965 1608 1064 1672 vel
1103 1605 1422 1686 moribus,
1457 1606 1570 1671 sed
1606 1606 1834 1672 directe
1860 1624 1897 1669 e
1921 1604 2093 1689 Juris
2128 1605 2396 1670 Romani
2434 1607 2613 1687 prin-

690 1735 872 1820 cipiis
948 1748 1080 1803 orta
1152 1748 1290 1813 est,
1373 1748 1524 1800 sunt
1598 1734 1756 1799 enim
1833 1733 2079 1800 civitate
2153 1735 2251 1798 vel
2313 1735 2598 1798 societate

691 1864 953 1945 exemti,
1027 1864 1141 1947 qui
1216 1862 1296 1928 ad
1359 1863 1609 1947 remigia
1684 1863 1749 1928 in
1799 1876 2163 1944 perpetuum
2214 1863 2604 1928 damnantur.

687 1989 858 2057 Haec
909 2010 1109 2074 poena
1162 1989 1238 2056 ab
1281 1990 1506 2057 Italicis
1561 1988 1820 2055 urbibus
1872 1988 2044 2054 brevi
2096 1989 2174 2054 ad
2230 1988 2491 2055 Galliam
2520 2007 2598 2052 ae

691 2116 1049 2201 Hispaniam
1119 2116 1395 2197 transiit;
1483 2136 1613 2199 quo
1689 2133 1966 2200 tempore
2020 2135 2219 2183 tamen
2270 2119 2424 2182 illud
2469 2117 2603 2182 fac-

693 2258 867 2325 tnm,
945 2245 1166 2329 conjici
1243 2245 1491 2327 quidem
1556 2260 1810 2327 posset,
1894 2261 1961 2311 at
2016 2261 2185 2310 certo
2238 2244 2483 2311 definire
2512 2261 2606 2310 te-

697 2374 994 2439 ueritatis
1028 2391 1162 2438 esse
1204 2392 1453 2440 censeo.
1512 2372 1730 2440 Parum
1782 2385 2085 2455 praeterea
2123 2371 2356 2453 πεῖσις
2392 2392 2608 2441 verum

699 2500 824 2567 hoc
905 2502 1054 2567 satis
1119 2516 1410 2583 apparet,
1487 2520 1620 2567 non
1674 2520 1710 2566 e
1777 2499 2087 2568 forbanno
2144 2506 2241 2567 vel
2297 2502 2461 2582 lepra
2506 2502 2607 2565 vel

697 2639 895 2705 vom,
946 2627 1058 2691 sed
1118 2647 1156 2691 a
1209 2645 1442 2710 poenae
1488 2629 1784 2694 servitute
1837 2648 1906 2694 ac
1960 2629 2251 2711 operibus
2296 2629 2615 2711 perpetuis

697 2751 1111 2818 Romanorum
1147 2772 1280 2818 esse
1313 2751 1703 2836 profectam(
1724 2759 1800 2837 58
1825 2756 1888 2840 ).
1906 2755 2071 2823 Nam
2126 2775 2268 2824 cum
2307 2758 2438 2823 sine
2474 2756 2599 2823 hoc

696 2881 832 2969 jure
889 2877 1039 2946 nihil
1087 2878 1152 2946 in
1209 2894 1409 2946 morte
1467 2880 1634 2948 civili
1691 2884 2101 2968 judicaretur,
2163 2903 2290 2952 non
2339 2886 2614 2966 mirum,

702 3009 875 3095 quod
912 3002 1055 3074 'rem
1113 3008 1559 3076 intervenerint
1606 3029 1680 3076 ac
1745 3011 1931 3079 sicuti
1978 3014 2241 3096 primum
2278 3013 2613 3080 Pandectas

709 3140 788 3205 nd
840 3151 1097 3204 mortem
1168 3139 1411 3206 civilem
1464 3154 1801 3221 vocarunt,
1858 3159 2006 3207 mox
2058 3159 2190 3208 eam
2252 3142 2470 3207 exinde
2508 3159 2620 3224 pe-

706 3268 943 3334 tivisse.

794 3395 987 3483 Quod
1034 3395 1088 3461 si
1119 3397 1241 3481 jam
1284 3395 1432 3462 haec
1472 3412 1938 3480 recenseantur,
1974 3412 2199 3482 sponte
2235 3397 2446 3466 videte
2486 3415 2623 3483 est,

720 3523 919 3603 qualis
980 3523 1047 3591 in
1119 3541 1189 3589 ea
1256 3543 1320 3591 re
1365 3525 1451 3591 sit
1511 3501 1799 3607 confusio
1819 3573 1847 3610 ,
1899 3544 2041 3596 nam
2093 3529 2298 3595 eadem
2345 3531 2625 3614 analogia

2516 3677 2650 3725 us·-

673 3916 682 3927 .
824 3830 988 3898 (58)
1048 3804 1178 3894 Viti.
1243 3842 1526 3907 Basitique
1588 3846 1910 3910 Franfax'ses
1981 3857 2090 3913 par
2147 3859 2319 3902 nanu.
2386 3806 2620 3900 missos:

726 3928 868 3988 pag.
913 3931 1028 3979 213.
