3000 4917
1310 325 1555 385 -“““-“-“-“““--
2338 336 2384 409 9

482 497 654 568 dere.‘
732 500 862 569 Imo
930 520 1007 569 ne
1065 503 1286 573 horum
1340 504 1586 589 quidem
1637 506 1880 575 nomina
1938 524 2144 595 gerere
2205 509 2381 579 dede-

484 628 615 693 cori
670 628 969 697 habebant
982 678 1009 713 ,
1068 634 1238 719 quod
1286 631 1558 717 inprimis
1605 634 1670 720 in
1732 635 1812 703 iis
1853 636 2334 705 animadvertitur
2347 688 2377 722 ,

498 754 605 837 qui
652 756 775 822 sub
825 776 1103 825 annom
1162 760 1369 826 Batavi
1415 759 1746 831 libertatem
1787 763 2092 831 vindicare
2134 766 2385 834 studue-

478 896 657 966 runt.
707 883 987 953 Libertas
1023 888 1150 952 n'on
1186 887 1261 955 iis
1299 888 1510 955 dilecta
1546 888 1786 971 publica
1801 936 1826 972 ,
1865 909 2076 959 verum
2110 885 2386 977 singulo-

484 1025 623 1080 rum
680 1011 877 1095 magis
894 1059 920 1095 ,
986 1012 1272 1097 quoniam
1343 1027 1532 1081 terras
1597 1030 1833 1083 vastare
1888 1030 1952 1084 et
1999 1034 2212 1085 servos
2265 1018 2390 1087 sibi

368 1170 373 1177 ·
482 1154 832 1220 comparare
881 1138 947 1204 in
996 1139 1169 1206 bellis
1226 1154 1440 1222 notum
1457 1186 1482 1223 ,
1548 1141 1888 1224 provincias
1931 1143 2051 1211 sub
2097 1143 2390 1211 ditionem

480 1263 749 1348 redigere
792 1264 1132 1333 insolitum.
1217 1268 1289 1337 In
1348 1269 1485 1355 iure
1538 1268 1774 1337 nullum
1830 1270 1986 1336 inter
2037 1267 2254 1338 civem·
2283 1284 2393 1345 aut

460 1384 913 1477 -peregrinum3
948 1395 1058 1461 sed
1088 1393 1420 1477 ingenuum
1450 1394 1609 1462 inter
1651 1409 1716 1463 et
1763 1414 2006 1464 servum
2043 1396 2391 1469 discrimen.

470 1517 611 1585 ‘mis
660 1519 823 1587 enim
872 1520 937 1585 in
995 1520 1225 1603 gladio·
1260 1534 1337 1603 et·
1373 1518 1724 1589 fortitudine
1740 1570 1766 1603 ‚
1823 1521 1944 1589 nisi
2011 1525 2390 1591 sacerdotum

488 1646 787 1711 sententia
864 1646 1244 1713 interveniret
1264 1696 1288 1729 ‚
1339 1649 1723 1731 praesidium.
1810 1648 1902 1715 Hi
1961 1667 2152 1733 porro
2198 1650 2389 1734 magis

482 1772 562 1835 ad
626 1770 1009 1852 ‚aequitatem
1083 1788 1147 1839 et
1225 1788 1497 1856 tempora
1515 1822 1539 1855 ,
1614 1794 1796 1856 quam
1883 1776 1962 1841 ad
2043 1792 2233 1843 certas
2290 1778 2392 1858 tsi-

478 1918 557 1963 ve
608 1898 861 1981 scriptas
881 1946 905 1979 ,
950 1896 1081 1967 sive
1130 1902 1570 1969 consuetudine
1611 1900 1992 1968 confirmatas
2043 1904 2207 1985 leges
2245 1920 2388 1983 pro-

472 2025 853 2091 nuntiabant.
942 2026 1155 2092 Verbo
1176 2075 1200 2109 ,
1246 2028 1375 2094 sive
1424 2030 1501 2095 ad
1562 2027 1862 2110 publicam
1883 2075 1908 2111 ‚
1947 2029 2078 2121 sive
2137 2031 2216 2096 ad
2259 2030 2385 2112 pri-

466 2168 669 2220 vatam
716 2152 935 2234 populi
981 2144 1389 2239 conditionem
1428 2156 1772 2223 attendatur
1787 2200 1814 2235 ,
1855 2174 2090 2222 summa
2138 2155 2216 2222 ab
2249 2174 2380 2222 om-

468 2280 536 2345 ni
584 2292 754 2361 parte
806 2278 962 2344 inter
1022 2274 1337 2345 Romanos
1394 2295 1457 2341 et
1519 2280 1816 2344 Barbaros
1881 2280 2051 2345 adest
2104 2272 2390 2345 differen-'
2449 2332 2460 2339 .

466 2405 551 2472 tia
571 2453 596 2488 ,
640 2425 795 2487 quae
832 2418 979 2487 post
1013 2404 1211 2472 Italiae
1248 2402 1704 2485 occupationem
1754 2405 2097 2473 nullatenus
2151 2405 2382 2473 minuta

462 2547 584 2601 est.
644 2515 831 2604 ¹Nam
849 2575 875 2612 ‚
934 2531 992 2597 si
1041 2531 1202 2599 forte
1268 2530 1495 2615 aliquid
1554 2533 1719 2613 apud
1786 2551 1892 2597 eos
1942 2530 2196 2599 valuerit
2268 2552 2379 2615 pa-

458 2660 611 2727 triae
660 2636 829 2726 amor
845 2707 870 2741 ‚
932 2658 987 2725 si
1038 2630 1331 2742 antiquae*
1370 2658 1533 2727 sedis
1587 2659 1790 2740 aliqua
1842 2659 1922 2726 iis
1999 2659 2184 2753 fuerit
2225 2659 2378 2725 cari-

460 2801 553 2854 tas
573 2834 598 2870 ,
638 2785 975 2853 necessario
992 2786 1172 2867 periit
1190 2830 1217 2867 ,
1259 2805 1399 2853 cum
1426 2784 1555 2852 sive
1600 2786 1664 2853 vi
1697 2784 1970 2853 hostium
1995 2832 2020 2867 ,
2054 2785 2184 2854 sive
2198 2805 2374 2869 agro·

457 2933 597 2989 rum
648 2912 963 2981 sterilitate
995 2926 1242 2994 penates
1297 2913 1636 2995 relinquere
1658 2958 1683 2993 ,
1728 2923 1914 3011 atque
1947 2928 2167 2978 novam
2213 2909 2372 2992 sibi,

463 3058 645 3121 quam
685 3040 1017 3105 habitarent
1030 3024 1061 3121 ²,
1117 3040 1425 3123 regionem
1474 3056 1763 3118 quaerere
1851 3049 2214 3120 cogerentur
2232 3083 2256 3116 ,
2305 3051 2370 3102 et

423 3232 429 3237 .
459 3164 721 3232 civitatis
751 3164 1137 3233 simulacrum
1174 3164 1241 3229 in
1275 3163 1630 3246 migratione
1686 3161 1990 3227 sublatum
2024 3174 2142 3228 est.
2206 3163 2370 3229 Cum

458 3310 607 3374 vero
656 3290 999 3375 provincias
1050 3303 1486 3371 occupassent,
1548 3300 1608 3353 et
1663 3288 1988 3355 cultiorum
2054 3287 2365 3355 hominum

401 3446 403 3448 >
455 3419 906 3487 consuetudine·
939 3420 1018 3485 ad
1062 3416 1357 3501 placidius
1425 3413 1662 3483 vivendi
1719 3434 1912 3501 genus
1966 3415 2358 3499 ducerentur3

453 3545 563 3614 alia
609 3566 824 3614 rursus
874 3545 1109 3613 exstitit
1164 3546 1321 3611 ratio
1339 3592 1364 3628 ,
1430 3562 1584 3626 quae
1634 3544 2049 3611 Romanorum
2100 3545 2354 3615 civitatis

447 3674 551 3757 jus
583 3674 905 3791 quominus
938 3674 1355 3771 introducemt
1370 3721 1397 3757 ‚
1438 3671 1784 3755 impedivit,
1844 3674 2070 3756 quippe
2118 3674 2310 3747 victos
2329 3719 2354 3755 ,

416 3797 515 3868 'in
568 3801 861 3868 servitute
905 3803 1180 3869 redactos
1203 3850 1225 3885 ,
1288 3824 1396 3871 sua
1458 3803 1589 3887 lege
1655 3804 1852 3872 vivere
1903 3814 2353 3871 concesserunt.
