3000 4917
1310 401 1556 461 .-..-..-·-.
2277 404 2407 471 217

465 583 598 673 'dae
650 582 915 651 bannitis
967 581 1256 664 denegata
1308 579 1609 662 loquitur.
1692 579 1784 646 Ita
1840 598 2009 647 mors
2081 578 2282 646 civilis
2332 577 2402 646 in

482 711 842 779 Germaniae
908 709 1265 795 regionibus
1287 753 1314 789 ,
1394 721 1465 772 ut
1529 708 1615 773 ita
1692 710 1887 775 dicam
1913 756 1936 790 ,
1997 723 2180 799 nata,
2237 675 2404 791 apud

480 838 669 906 Italos
730 840 1022 920 educata,
1114 839 1182 906 in
1246 837 1529 905 Galliam·
1564 837 2002 921 peregrinavit,
2068 850 2140 902 ut
2199 836 2393 920 magis

478 966 794 1051 magisque
851 960 1194 1033 Romanam
1237 978 1470 1030 vestem
1510 964 1836 1037 indueret.

491 1178 500 1189 ἱ
565 1093 737 1160 Haec
784 1108 987 1160 tamen
1031 1092 1309 1167 uberiore
1357 1093 1635 1175 indigent
1692 1064 2206 1158 demonstratione
2224 1135 2249 1170 ,
2314 1109 2393 1158 ne

482 1221 749 1288 levitatis
784 1223 965 1305 culpa
981 1240 1191 1305 arguar
1221 1222 1287 1286 in
1316 1240 1385 1287 ea
1419 1239 1601 1285 causa
1623 1264 1648 1299 ,
1680 1236 1837 1299 quae
1864 1217 2066 1300 magni
2103 1215 2397 1284 momenti

484 1367 622 1416 esse
690 1349 928 1416 videtur
988 1349 1054 1414 in
1128 1347 1349 1414 mortis
1398 1346 1599 1411 civilis
1672 1343 1951 1411 historia.
2060 1343 2225 1410 Hinc
2281 1363 2397 1427 ea,

488 1493 644 1558 quae
697 1475 1019 1554 hucusque
1075 1471 1383 1556 exposui,
1443 1472 1706 1538 breviter
1760 1472 2040 1539 contrahi
2082 1485 2393 1555 oportent.

488 1602 561 1667 In
611 1602 844 1668 Galliae
912 1601 1266 1684 regionibus
1333 1601 1452 1668 sub
1518 1605 1713 1685 prima
1774 1619 1835 1668 et
1888 1603 2156 1669 secunda
2207 1598 2403 1686 stirpe

457 1728 642 1795 nihil
709 1731 1120 1795 constitutum
1198 1729 1435 1810 fuisse,
1512 1731 1615 1796 cui
1678 1727 1857 1796 facile
1920 1731 2137 1795 mortis
2195 1730 2397 1796 civilis

489 1875 717 1923 nomen
763 1858 951 1923 tribui
983 1872 1238 1939 posset,
1284 1875 1359 1922 ex
1399 1874 1586 1940 supra
1640 1855 1818 1921 dictis
1856 1869 2146 1936 constat,
2191 1873 2400 1938 quam-

490 1987 588 2053 vis
640 1986 859 2052 exinde
921 1986 1025 2052 illa
1090 1986 1370 2051 instituta
1429 1987 1558 2065 peti
1610 1982 1868 2048 debeant
1889 2028 1913 2064 ,
1972 2002 2127 2065 quae
2179 1998 2396 2066 postea

490 2114 580 2178 rei
628 2113 798 2197 origo
850 2131 960 2179 seu
1017 2115 1262 2179 occasio
1323 2112 1572 2194 potiu5,
1631 2112 1789 2177 haud
1844 2112 2062 2195 injuria
2094 2113 2399 2193 appellen-

495 2253 621 2305 tur.
689 2228 866 2305 ‘Nec
903 2241 1033 2306 illa
1088 2239 1207 2306 sub
1259 2241 1470 2305 tertiae
1513 2240 1727 2323 stirpis
1779 2239 1972 2305 initiis
2022 2239 2404 2320 reperiuntur

488 2367 600 2432 sed
652 2367 906 2433 arduum
939 2402 942 2405 ·
974 2384 1121 2433 sane
1192 2366 1383 2432 dubio
1407 2412 1432 2447 ,
1505 2381 1735 2441 certum
1788 2369 1866 2431 de
1916 2385 1987 2432 ea
2041 2367 2401 2448 quaestione

486 2490 644 2559 ferre
675 2495 1001 2579 judicmm.
1066 2492 1349 2560 Turbata
1396 2494 1561 2560 enim
1617 2494 1963 2577 respublica
1986 2539 2010 2573 ,
2069 2492 2263 2560 fracta
2310 2511 2404 2558 re-

484 2640 630 2705 gum
687 2623 1086 2702 auctoritate,
1149 2640 1292 2687 cum
1346 2624 1410 2687 in
1464 2622 1623 2687 diem
1681 2624 1872 2705 magis
1928 2621 2255 2686 litterarum
2324 2639 2398 2685 ac

484 2752 690 2832 legum
745 2752 949 2817 studia
996 2764 1465 2832 spernerentur,
1532 2763 1602 2815 ut
1650 2749 2067 2816 crassissimae
2116 2750 2396 2832 ignoran-

490 2877 610 2941 tiae
663 2896 735 2941 ac
793 2878 1225 2942 certaminibus
1271 2878 1660 2962 judicialibus
1710 2879 1919 2944 locum
1958 2875 2269 2956 facerent,
2321 2893 2399 2941 ex

489 3002 872 3068 documentis
939 3005 1281 3101 historicis·
1309 3006 1459 3070 satis
1520 3004 1765 3086 quidem
1819 3017 2088 3070 accurate
2160 2978 2402 3069 definiri

489 3098 702 3212 potuit
725 3173 750 3208 ,
795 3146 1091 3209 quaenam
1141 3129 1668 3212 Jurisprudentiae
1716 3128 1839 3196 fata
1885 3128 2094 3210 fuere,
2143 3131 2252 3194 sed
2284 3147 2402 3195 no·

487 3275 700 3322 varum
744 3255 1202 3321 institutionum
1257 3274 1429 3324 ortus
1488 3271 1550 3322 et
1616 3275 2017 3339 progressus,
2077 3258 2200 3323 nisi
2238 3271 2419 3323 arcte·

487 3403 627 3449 cum
705 3382 1029 3449 universali
1107 3382 1304 3466 gentis
1381 3383 1638 3450 historia
1727 3384 2088 3452 cohaereant
2107 3427 2135 3467 ,
2212 3386 2401 3467 vulgo

499 3510 771 3577 tenebris
824 3510 1250 3576 involvuntur.
1348 3509 1517 3578 Hinc
1571 3526 1918 3595 argumenta
1971 3513 2198 3578 ratione
2243 3530 2402 3581 mor-

471 3640 571 3743 “tis
623 3638 825 3705 civilis
881 3655 1009 3702 non
1057 3639 1242 3703 unius
1286 3639 1642 3706 testimonio
1696 3637 1845 3705 satis
1898 3639 2277 3706 illustrantur
2329 3657 2400 3704 ac

485 3785 562 3833 ex
598 3768 800 3850 legum
856 3765 1175 3849 reliquiis,
1230 3767 1442 3850 juncta
1497 3766 1715 3850 populi
1754 3766 2049 3848 historia,
2095 3767 2179 3832 ita
2229 3784 2400 3833 com·

483 3896 637 3980 poni
694 3908 1025 3979 oportent,
1091 3910 1158 3960 ut
1218 3912 1291 3961 ex
1344 3895 1421 3962 iis
1468 3894 1650 3963 facile
1716 3897 1792 3964 de
1843 3870 2093 3975 veritate
2149 3894 2404 3962 conclu-

1487 4023 1545 4089 E
1574 4042 1608 4088 e
2302 4020 2398 4084 sio
