3000 4917
1236 359 1485 428 ...ξ-..-

2217 383 2338 448 149

408 562 512 614 tus
584 559 713 614 erat
784 546 1111 630 princeps-,3
1192 548 1353 612 unde
1441 549 1648 632 plures
1721 551 1788 617 in
1858 549 2026 620 Italia
2093 553 2334 622 nobiles

398 675 619 758 regalia
698 675 817 742 sibi
857 676 997 760 jura
1054 675 1454 760 adquisivere.
1542 675 1630 741 At
1685 694 1814 744 non
1865 692 2100 746 tantum
2151 682 2332 748 nobi-

392 805 547 870 lium
602 804 897 886 captanda
936 803 1402 885 benevolentia,
1436 803 1544 869 sed
1595 804 1776 871 urbes
1821 806 2002 873 etiam
2065 809 2325 889 quadam

384 929 732 1014 gaudebant
790 930 1177 1006 auctoritate.
1266 931 1417 996 Non
1472 933 1639 998 enim
1701 933 1886 999 sicuti
1947 937 2013 1000 in
2065 932 2323 1002 Germa-

389 1062 499 1125 nia
579 1060 697 1124 sub
777 1060 967 1126 tutela
1038 1059 1215 1142 quasi
1297 1059 1744 1143 Imperatorum
1809 1073 2018 1140 erant,
2095 1062 2178 1128 ita
2254 1075 2328 1130 ut

385 1187 467 1254 ab
532 1185 641 1252 ‘his
730 1188 1025 1254 adversus
1119 1187 1461 1255 vicinorum
1541 1187 1929 1254 insolentiam
2025 1189 2320 1257 auxilium

389 1328 745 1398 quaererent
762 1363 787 1397 ‚
845 1315 955 1382 sed
1015 1315 1134 1382 sibi
1198 1315 1473 1380 sufficere
1527 1313 1862 1381 didicerant
1920 1333 1990 1382 ac
2055 1317 2312 1398 proinde

388 1458 657 1509 veterem
706 1444 1130 1508 Romanorum
1171 1441 1640 1537 ⁸Rempublicam
1661 1490 1688 1525 ,
1751 1443 1872 1510 nisi
1937 1442 2182 1526 legibus
2241 1462 2315 1512 ac

392 1571 689 1636 institutts
711 1615 737 1650 ,
786 1571 1041 1638 nomine
1080 1584 1281 1635 tamen
1310 1569 1768 1653 magistratuum
1819 1589 1888 1637 ac
1925 1571 2197 1654 superbo
2243 1573 2322 1642 li-

392 1695 653 1762 bertatis
721 1696 931 1761 studio
979 1695 1389 1762 imitabantur.
1476 1697 1644 1763 Haec
1716 1711 1916 1764 autem
1987 1697 2315 1782 municipia

403 1823 581 1890 initio
620 1823 895 1904 inprimis
924 1842 960 1889 a
997 1821 1314 1890 nobilibus
1342 1834 1559 1889 vexata
1579 1868 1603 1902 ‚
1647 1821 1764 1888 hos
1789 1837 2082 1908 tanquam
2113 1824 2326 1890 hostes

403 1951 673 2034 primum
726 1952 1120 2032 repulerunt,
1159 1950 1371 2016 deinde
1397 1951 1688 2034 regnandi
1723 1951 2056 2036 cupiditate
2113 1954 2326 2036 oppri-

398 2097 558 2144 mere
604 2080 809 2145 conati
859 2093 1049 2159 sunt3
1120 2095 1301 2162 atque
1359 2077 1501 2146 hinc
1529 2123 1552 2156 ‚
1613 2079 1762 2145 dum
1821 2080 2031 2146 vasalli
2082 2091 2320 2147 tantum

402 2205 759 2287 Imperatori
801 2206 1145 2272 resisterent
1166 2252 1192 2287 ,
1236 2207 1420 2291 hujus
1452 2225 1696 2273 causam
1741 2207 1982 2290 egregie
2028 2208 2183 2274 tueri
2226 2209 2318 2276 vi·

397 2334 737 2414 debantur,
770 2353 841 2398 ac
876 2335 1155 2417 quamvis
1178 2379 1205 2414 ,
1243 2349 1311 2400 ut
1342 2336 1425 2400 ita
1461 2335 1657 2400 dicam
1680 2381 1706 2417 ,
1760 2353 1834 2400 ex
1863 2334 2110 2401 turbido
2127 2333 2308 2402 fonte

393 2461 668 2534 facinora
728 2464 828 2528 illa
897 2461 1317 2543 profluerent,
1376 2459 1636 2526 effectus
1702 2474 1902 2528 tamen
1969 2481 2096 2544 quo
2144 2479 2322 2530 suam

386 2589 676 2658 fulcirent
742 2591 1119 2674 potentiam,
1182 2591 1353 2656 omni
1420 2587 1876 2672 privilegiorum
1949 2607 2020 2654 ac
2089 2589 2314 2675 immu-

392 2719 653 2784 nitatum
701 2735 915 2800 genere
962 2717 1363 2802 Imperatores
1436 2715 1820 2783 sustinebant
1838 2761 1864 2798 ,
1931 2716 2015 2782 ita
2069 2731 2140 2782 ut
2189 2736 2304 2798 po·

394 2846 816 2926 tentissimae,
904 2844 1116 2927 brevi,
1206 2844 1476 2925 divitiis,
1563 2845 1858 2928 dignitate
1947 2861 2018 2908 ac
2099 2860 2315 2912 nume-

395 2990 471 3036 ro
549 2971 773 3036 civium
850 2973 1221 3052 conspicuae
1242 3017 1266 3051 ‚
1338 2973 1614 3052 undique
1691 2985 1878 3052 caput
1955 2969 2312 3034 extollerent

395 3095 650 3176 Urbes;
730 3099 921 3179 magis
990 3095 1289 3162 timendae
1312 3141 1337 3175 ‚
1417 3095 1708 3176 quoniam
1777 3096 2014 3158 incerto
2094 3077 2306 3160 vincu-

399 3228 471 3293 lo
544 3241 687 3289 cum
734 3223 1035 3307 imperiali
1105 3222 1395 3304 dignitate
1476 3217 1916 3298 cohaerebant,
1995 3221 2100 3286 cui
2170 3239 2306 3288 sae·

402 3353 549 3436 pius
619 3351 905 3422 auxilium
972 3349 1251 3432 praebere
1326 3359 1390 3412 et
1448 3347 1526 3412 ab
1580 3365 1656 3414 eo
1716 3346 1990 3428 accipere
2049 3366 2308 3414 consue·

407 3493 659 3559 verant,
711 3496 844 3545 raro
877 3477 1079 3544 tamen
1125 3439 1357 3558 parere.
1445 3475 1658 3559 Magis
1715 3475 1904 3559 igitur
1940 3473 2039 3540 hic
2090 3495 2310 3544 suaso-

406 3611 493 3674 ria
532 3625 715 3690 quam
762 3603 979 3689 Regali
1005 3618 1315 3689 potestate
1354 3603 1634 3670 utebatur
1665 3601 1997 3686 Imperator
2022 3649 2046 3684 ‚
2091 3623 2162 3670 ac
2199 3605 2308 3670 diu

403 3735 661 3817 socius,
724 3752 859 3801 raro
910 3735 1195 3816 princeps
1242 3733 1577 3800 exstiterat.
1665 3730 1804 3796 Tali
1849 3747 2048 3798 autem
2101 3749 2302 3818 popu·

404 3863 451 3934 li
544 3861 899 3932 conditione
1018 3863 1253 3934 exstitit
1335 3863 1398 3928 in
1529 3861 1848 3948 Germania
1941 3859 2310 3930 Guelforum

1372 3989 1433 4055 T
1479 4007 1516 4073 3
2253 3997 2316 4052 et
