3000 4917
1276 366 1522 428 ==
2257 374 2344 450 93

458 552 838 622 bannitorum
889 550 1222 621 conditioni
1263 550 1515 620 maxime
1577 550 2056 637 conveniebam
2097 550 2344 624 ridicule
2387 542 2392 553 ’
2429 562 2433 566 Α

447 681 613 749 enim
679 681 897 750 fuisset
959 677 1323 762 comparatio
1385 697 1528 746 cum
1604 677 1683 746 iis
1704 673 1760 762 ,’
1806 680 1916 763 qui
1982 676 2336 765 simpliciter

452 809 529 877 ab
579 806 860 876 ecclesiae
905 806 1169 876 introitu
1221 819 1520 874 arcentur.
1605 805 1769 874 Hinc
1821 809 1900 876 ad
1946 822 2166 877 statum
2199 809 2341 876 haa-

453 936 776 1005 reticorum
811 935 1033 1003 redacti
1096 949 1241 1003 sunt
1281 935 1628 1019 proscripti.
1664 1002 1673 1012 ,
1711 933 1955 1003 Etenim
2005 935 2091 1001 illi
2109 982 2135 1018 ‚
2203 945 2346 1019 pet·-

326 1080 327 1089 ’
450 1076 643 1149 petuo
692 1061 969 1147 oppressi
1007 1060 1320 1130 interdicto
1347 1110 1371 1145 ,
1434 1062 1707 1144 undique
1755 1060 2095 1146 principum
2137 1080 2347 1132 saecu-

446 1191 661 1258 larium
710 1192 827 1257 tela
880 1190 944 1255 in
991 1209 1059 1258 se
1094 1208 1383 1258 conversa
1427 1188 1712 1257 videbant
1734 1235 1759 1272 ,
1816 1207 1887 1256 ac
1935 1189 2098 1255 bona
2130 1198 2340 1258 eorum

462 1319 592 1387 sive
653 1319 897 1402 propria
916 1362 942 1399 ,
1008 1337 1136 1385 sive
1215 1306 1468 1385 feudalia
1483 1364 1509 1401 ,
1568 1316 1696 1384 sive
1760 1317 1881 1385 sub
1951 1316 2345 1399 clericor-uni,

450 1448 590 1517 sive
639 1447 757 1515 sub
822 1445 1208 1514 saecularium
1260 1444 1486 1512 ditione
1541 1459 1744 1512 essent
1768 1491 1793 1528 ,
1863 1444 2347 1537 publicabuntur.
2407 1502 2410 1507 .

464 1575 532 1640 si
580 1572 761 1656 igitur
809 1586 1036 1640 tantum
1084 1584 1426 1655 spectemus
1478 1585 1700 1640 statum
1746 1571 2135 1656 physicum,
2190 1562 2348 1640 nihil

460 1701 812 1767 mutandum
855 1712 961 1766 aut
1002 1698 1421 1780 corrigendum
1474 1711 1642 1780 erat3
1708 1698 1865 1764 idem
1913 1699 2153 1780 utrique
2193 1698 2349 1766 vine
2413 1680 2418 1695 ¹

460 1824 794 1910 periculum
817 1873 842 1908 ‚
894 1825 1095 1891 eadem
1162 1837 1419 1908 egestas.
1525 1822 1760 1890 Graves
1831 1823 2223 1891 nihilominus
2276 1832 2351 1892 ei

462 1952 848 2026 similitudine
881 1971 993 2019 seu
1021 1950 1464 2035 comparatione
1493 1950 1778 2035 protinus
1812 1952 2091 2035 prodiere
2136 1957 2351 2036 seque-

464 2083 578 2149 lae.
668 2081 828 2149 Cum
878 2079 1035 2146 enim
1091 2078 1258 2146 Laici
1275 2125 1300 2162 ,
1363 2093 1436 2145 ut
1493 2079 1802 2148 rudiorum
1856 2079 2163 2148 hominum
2234 2080 2353 2148 fert

461 2208 840 2278 consuetudo
859 2255 884 2292 ,
943 2207 1229 2275 omnibus
1290 2206 1739 2291 exceptionibus
1799 2206 2031 2293 rejectis
2049 2255 2076 2291 ,
2147 2206 2347 2294 glaffio

463 2336 564 2404 vel
602 2337 736 2422 J‘ure
782 2337 1036 2421 jurando
1088 2334 1487 2402 innocentiam
1547 2333 1928 2402 defenderent
1995 2336 2094 2403 vel
2147 2335 2349 2404 obtes—

459 2462 730 2532 tarentur
747 2510 773 2546 ‚
823 2463 1043 2530 Clerici
1101 2478 1313 2530 contra
1362 2462 1428 2528 in
1475 2482 1593 2531 suo
1638 2462 1778 2531 foro
1815 2462 1983 2531 brevi
2031 2481 2106 2531 ex
2151 2464 2352 2532 Evan-

455 2593 616 2680 gelio
637 2642 662 2676 ‚
704 2593 1115 2675 apostolorum
1129 2639 1153 2674 ,
1200 2602 1440 2675 patrum
1473 2589 1780 2675 rescriptis
1796 2638 1820 2673 ,
1865 2606 1928 2658 et
1951 2590 2350 2659 conciliorum

464 2721 714 2803 decretis
736 2766 760 2803 ‚
793 2735 1146 2805 argumenta
1184 2734 1386 2803 petere
1420 2719 1744 2787 didicerant
1763 2765 1787 2802 ‚
1830 2719 2053 2802 quibus
2074 2767 2098 2802 ,
2156 2719 2213 2785 si
2250 2719 2349 2786 vel

464 2846 741 2912 delictum
813 2867 992 2913 suum
1063 2844 1499 2913 confitebantur
1515 2892 1541 2925 ‚
1609 2849 1685 2912 de
1745 2846 2140 2930 applicatione
2171 2844 2349 2928 -legis

459 2974 673 3041 'saltem
720 2972 1112 3054 disputarent.
1199 2972 1338 3038 Hoc
1390 2974 1547 3039 enim
1613 2993 1649 3037 e
1688 2972 2127 3039 dialecticorum
2171 2969 2353 3035 scho-

455 3101 534 3169 lis
581 3100 922 3166 retulerant.
1202 3170 1207 3179 ,
1830 3158 1835 3171 ,

462 3276 469 3281 -
549 3229 711 3296 Dum
758 3224 939 3309 igitur
994 3222 1166 3291 Laici
1227 3223 1534 3306 antiquam
1585 3223 1785 3305 legum
1840 3241 1920 3311 uc⁶
1960 3219 2349 3301 formularum

462 3355 894 3439 simplicitatem
947 3351 1308 3417 retinuerant
1324 3396 1350 3432 ‚
1411 3348 1815 3416 Ecclesiastici
1873 3348 2061 3419 multa
2100 3350 2221 3435 jam
2241 3349 2349 3416 ad-

463 3501 679 3557 versus
757 3448 1230 3562 delinquentium
1305 3476 1678 3545 calliditatem
1747 3474 2195 3544 introduxerant
2257 3495 2349 3543 re·

466 3611 660 3678 media
678 3656 705 3694 ‚
762 3628 887 3692 qua
914 3611 1104 3691 ipsam
1152 3620 1405 3691 poenam
1458 3605 1558 3673 vel
1594 3602 1777 3690 hujus
1814 3603 2097 3671 effectum
2149 3602 2348 3672 elude·

458 3754 621 3807 frent.
706 3737 796 3807 lta
861 3710 1279 3805 Hereticorum
1334 3751 1461 3802 non
1524 3746 1753 3800 tantum
1810 3733 1971 3803 bona
2019 3728 2349 3814 praesentia

461 3864 920 3950 publicabantur
936 3909 960 3956 ‚
992 3865 1099 3933 sed
1138 3865 1312 3949 etiam
1345 3862 1531 3933 fiscus
1564 3874 1774 3946 postea
1792 3859 2159 3947 occupabat,
2192 3873 2347 3943 quae

2173 3978 2174 3985 '
2245 3981 2347 4044 de-
