3000 4917
1209 348 1450 422 *Ἰ
1712 375 1718 382 .
2194 356 2274 423 13

396 536 599 603 toritas
634 546 801 615 erat,
837 544 963 600 tum
988 529 1239 596 reditus.
1305 527 1393 594 Ita
1425 541 1494 595 ut
1526 526 1748 610 duplex
1780 545 1991 596 rursus
2014 497 2277 594 eistaiet

387 664 487 747 jus
507 711 531 745 ‚
583 664 758 747 cuius
804 661 1054 727 alterum
1095 658 1172 722 ad
1192 655 1532 740 religionem
1551 702 1574 736 ,
1616 656 1951 722 sacerdotes
1993 667 2109 721 etc.
2140 674 2276 737 per-

394 790 590 856 tinens
629 786 981 854 canonicum
1029 771 1139 851 seu
1203 780 1663 849 ecclesiasticum
1712 782 1939 849 dictum
1991 795 2124 847 est:
2191 781 2277 847 al-

393 931 582 981 terum
628 913 702 979 d'e
749 913 995 980 caeteris
1030 909 1340 977 hominum
1374 907 1582 975 litibus
1601 951 1627 989 ,
1693 906 1949 989 querelis
2004 922 2066 973 et
2098 906 2275 974 delic-

274 1044 299 1065 “’
399 1040 476 1109 tis
527 1058 707 1124 agens
744 1023 947 1107 ‘civile
990 1038 1287 1103 dixerunt.

479 1166 701 1250 Longe
749 1164 929 1249 igitur
981 1162 1256 1230 diversus
1304 1182 1341 1228 a
1395 1162 1810 1232 Romanorum
1865 1162 2152 1254 loquendi
2188 1182 2278 1229 ra-

402 1293 564 1358 tione
621 1294 732 1359 hac
809 1306 996 1358 aetate
1075 1289 1339 1357 cernitur
1422 1289 1484 1354 in
1566 1308 1714 1356 voce
1797 1289 2001 1359 civilis
2068 1289 2288 1357 modus

400 1417 551 1486 Non
631 1418 788 1485 enim
877 1420 901 1502 j
908 1436 979 1486 us
1059 1417 1240 1485 civile
1305 1416 1561 1500 amplius
1638 1416 1786 1485 illud
1802 1464 1834 1502 ,U
1907 1418 2074 1499 quod
2145 1416 2289 1486 civi-

402 1545 522 1612 bus
584 1545 684 1611 vel
732 1543 967 1627 regioni
1024 1543 1255 1611 cuidam
1322 1543 1635 1626 proprium
1694 1556 1810 1611 est.
1915 1544 2145 1611 Verum
2214 1544 2289 1611 il-

406 1671 515 1737 lud
532 1717 555 1751 ,
588 1689 712 1751 quo
748 1669 1016 1737 actiones
1036 1718 1058 1751 ‚
1090 1671 1234 1754 Jnre
1264 1668 1575 1738 Canonico
1594 1686 1722 1733 non
1738 1669 2093 1750 submissae,
2124 1689 2289 1752 rege-

408 1795 628 1861 bantur
661 1808 732 1862 ut
763 1797 1008 1861 eandem
1053 1795 1297 1860 haberet
1330 1814 1470 1861 cum
1507 1813 1658 1861 voce
1695 1794 2033 1860 saecularis
2049 1794 2297 1877 'signfi-

408 1922 729 1990 cationem.
812 1921 1138 2005 Egregium
1189 1922 1374 2006 huJ'us
1411 1921 1496 1987 rei
1538 1919 1842 2004 specimen
1882 1920 2180 1989 invenitur
2233 1922 2299 1989 in

412 2049 742 2134 originibus
789 2048 1121 2130 Livoniae‚
1187 2050 1356 2130 quod
1411 2047 1584 2115 initio
1640 2048 1861 2116 saeculi
1903 2049 2069 2116 XIII.
2103 2041 2294 2117 fuisse

410 2177 816 2265 conscriptum
863 2176 928 2242 in
984 2176 1121 2258 ipso
1163 2190 1329 2258 patet
1368 2174 1595 2276 Libro.
2217 2163 2222 2170 ’

491 2303 584 2368 Ibi
634 2303 713 2369 ait
766 2317 976 2369 auctor
1028 2307 1066 2385 (
1079 2286 1121 2368 6
1134 2303 1195 2385 ).
1283 2347 1325 2381 „
1367 2300 1813 2368 Thoreidenses
1859 2320 2003 2369 vero
2026 2349 2050 2384 ‚
2092 2322 2293 2386 recep-
2353 2273 2358 2280 ’

420 2476 462 2513 ,,
499 2429 578 2497 tis
626 2430 775 2497 sacri
805 2428 1179 2512 baptismatis
1215 2428 1516 2511 mysteriis
1534 2476 1557 2510 ,
1613 2446 1753 2495 cum
1805 2429 1971 2495 omni
2012 2433 2147 2514 jure
2173 2434 2300 2518 spi·

418 2603 461 2639 „
501 2557 738 2624 rituali
783 2570 1000 2641 rogant
1054 2556 1421 2623 sacerdotem
1467 2575 1647 2625 suum
1710 2557 2145 2625 Allobrandum
2183 2574 2293 2640 ut,

415 2732 460 2770 „
498 2684 656 2753 sicut
707 2682 771 2749 in
813 2686 949 2768 jure
1002 2685 1361 2772 spirituali,
1401 2683 1487 2749 sic
1542 2699 1602 2750 et
1639 2703 1745 2752 eos
1792 2684 2061 2767 expediat
2106 2683 2168 2750 in
2204 2691 2297 2752 ci-

417 2857 462 2894 „
498 2811 721 2880 vilibus
765 2811 961 2878 causis
984 2858 1008 2893 ‚
1065 2811 1232 2892 quod
1265 2830 1379 2877 nos
1432 2811 1685 2878 dicimus
1729 2812 1794 2878 in
1825 2814 1963 2898 jure
1990 2812 2304 2877 saeculari

419 2984 462 3017 ‚‚
502 2938 831 3003 secundum
880 2941 1014 3021 jura
1072 2911 1514 3020 Imperatorum·
1557 2937 2062 3005 Christianorum.
2081 2937 2122 2964 ”
2206 2937 2302 3002 si·

414 3061 547 3127 mili
618 3062 802 3126 modo
882 3062 1294 3146 Telesphorus
1364 3064 1524 3144 Papa
1597 3063 1924 3144 Episcopis
1991 3060 2294 3129 rescribit:

420 3232 464 3270 „
505 3189 905 3255 Accusatores
948 3202 1009 3253 et
1035 3187 1469 3256 Accusationes
1488 3233 1513 3267 ‚
1550 3205 1701 3266 quas
1740 3188 1904 3270 leges
1938 3187 2155 3254 saeculi
2174 3206 2301 3253 non

2120 3358 2161 3396 „
2199 3315 2302 3381 ad·

509 3588 628 3652 (6)
670 3590 796 3644 vid.
862 3592 1017 3660 orig.
1064 3593 1322 3646 livoniae
1379 3609 1492 3645 sac.
1542 3603 1596 3643 ee
1645 3596 1749 3645 civ.
1800 3594 1852 3643 in
1907 3598 2052 3656 gen.
2097 3588 2295 3643 Alberti

412 3670 673 3737 zptscop.
701 3684 832 3738 pag.
869 3687 983 3728 ιω.
1029 3684 1077 3738 ς.
1121 3688 1173 3739 5.
1210 3673 1298 3723 ubi
1345 3674 1408 3723 de
1440 3678 1545 3727 Ao.
1581 3686 1714 3734 ¹214·
1747 3687 1858 3724 cum
1893 3672 2111 3736 Regeusi
2141 3673 2290 3735 Epis·

423 3765 556 3813 copo
594 3756 846 3807 ·osse1iae
920 3756 1128 3808 admisse
1190 3767 1416 3808 testatur.
1515 3756 1743 3821 Origines
1800 3756 2043 3808 Livoniae
2109 3760 2287 3807 Sacrae

421 3847 478 3889 ct
517 3834 670 3896 civil.
718 3840 875 3906 Lips.
924 3853 1066 3903 17⁴0·
1109 3842 1161 3892 in
1206 3839 1354 3905 gestis
1395 3840 1594 3893 Albeni
1636 3840 1934 3907 Episcopis,
1978 3854 2111 3908 pag.
2154 3856 2240 3906 4⁴·

1313 3945 1362 4011 B
1408 3965 1443 4029 3
