3000 4917
1202 407 1447 485 -“““-“-“-““--,
1744 421 1748 430 ’
2162 419 2294 498 ²532

366 611 464 681 gt-
511 595 677 666 irrita
702 613 733 674 t„
812 595 1038 662 etenim
1120 594 1367 676 quidem
1445 594 1896 662 matrimonium
1957 597 2286 666 Gallorum

381 725 562 794 desiit
611 742 745 792 esse
771 769 797 806 ,
844 739 1056 790 verum
1115 723 1176 788 si
1244 723 1455 791 uxoris
1502 721 1745 788 affectio
1799 740 1928 790 non
1977 739 2241 793 mutetur
2257 771 2292 816 ,

374 852 460 921 fit
504 855 959 938 peregrinorum
993 848 1347 935 conjugium
1371 895 1395 931 ‚
1452 849 1558 916 cui
1601 846 1856 916 effectus
1902 850 2111 917 civiles
2159 852 2291 919 adi-

380 979 471 1046 mi
555 989 893 1062 nequeunt.
994 975 1162 1041 Idem
1236 974 1311 1039 de
1382 975 1770 1040 successione
1793 1018 1820 1058 ,
1889 974 1968 1040 de
2011 976 2292 1046 donatio-

293 1107 309 1191 }
384 1127 470 1176 ne
488 1153 515 1190 ‚
567 1126 638 1173 ac
690 1110 768 1175 de
842 1104 1131 1173 facultate
1184 1105 1439 1171 sistendi
1505 1106 1576 1171 in
1626 1083 1860 1188 J‘udIcio
1883 1148 1910 1186 ‚
1971 1121 2112 1170 nam
2173 1104 2295 1170 etsi

380 1234 649 1302 civiliter
710 1247 1017 1300 mortuum
1063 1246 1125 1298 et
1179 1230 1373 1298 civem
1419 1229 1725 1298 Gamcnm
1763 1245 1828 1298 et
1882 1214 2134 1301 Gallum
2187 1251 2294 1302 ne-

384 1381 503 1447 ges
520 1406 545 1444 ,
604 1375 891 1444 tanquam
955 1358 1280 1426 Borussiae
1333 1358 1436 1424 vel
1502 1357 1818 1426 Saxoniae'
1863 1357 2149 1450 subditus
2213 1381 2290 1456 ae

388 1491 552 1557 civis
621 1493 874 1572 impune
930 1487 1083 1554 haec
1149 1487 1356 1555 omnia
1432 1487 1754 1555 exercebit.
1855 1488 2027 1559 Haec
2086 1505 2293 1588 autem

390 1636 471 1684 eo
519 1619 713 1700 magis
755 1617 1001 1697 valent,
1052 1632 1193 1680 cum
1249 1615 1650 1700 ,praecipuum
1697 1617 1885 1702 hujus
1947 1621 2296 1702 peregrinae

385 1742 769 1809 conditionis
835 1740 1329 1825 impedimentum
1353 1785 1381 1823 ,
1436 1739 1775 1824 quominus
1840 1745 2098 1834 alicujus
2158 1763 2292 1822 mo,-

386 1869 586 1937 menti
646 1867 852 1950 fieret,
911 1866 1305 1949 confiscatio,
1357 1885 1544 1952 atque
1602 1838 1815 1939 exitide
1871 1875 2294 1940 damnatorum

385 2013 747 2084 paupertas,
799 1965 984 2068 hodie
1005 2045 1030 2083 ‚
1082 2015 1153 2066 ut
1202 2000 1487 2091 odiosum
1537 2015 1595 2065 et
1639 2002 1882 2068 crudele
1936 2001 2085 2082 quid
2104 2046 2131 2082 ,
2207 2001 2290 2070 sit

378 2129 639 2195 abolita·

462 2255 777 2341 Respectu
871 2257 1330 2325 contumacium
1403 2258 1596 2342 igitur
1652 2275 1782 2325 non
1864 2274 2118 2324 neeesse
2175 2255 2292 2324 erit·

377 2386 570 2452 multa
642 2388 719 2452 de
791 2385 1064 2454 instituti
1130 2384 1499 2454 confusione
1555 2406 1628 2455 ac
1675 2353 2098 2469 ambiguitate·
2133 2404 2280 2468 pro-

374 2511 533 2579 ferre
553 2557 580 2595 ,
645 2531 787 2579 cum
844 2513 991 2580 haec
1062 2517 1225 2582 satis·
1273 2519 1517 2583 valeant
1579 2516 1658 2581 ad
1692 2515 2156 2598 improbandum
2213 2513 2290 2602 ii·

374 2642 486 2709 :lud
507 2686 533 2722 ,
592 2642 763 2723 quod
808 2641 1029 2710 divites
1078 2659 1209 2709 non
1246 2657 1480 2711 tantum
1506 2656 1546 2726 ,·
1587 2658 1658 2710 ut
1726 2645 2086 2727 plerumque
2159 2659 2290 2710 non

372 2769 581 2850 legum
643 2783 750 2834 aut
795 2765 1023 2850 Judicii
1070 2770 1227 2836 vitio
1250 2812 1279 2851 ‚
1330 2771 1441 2837 sed
1513 2770 1809 2853 pecuniae
1853 2773 2059 2838 valore
2124 2783 2288 2836 extra

380 2895 633 2975 patriam
684 2892 952 2957 evadunt
970 2936 996 2972 ,
1063 2911 1275 2959 verum
1344 2897 1523 2960 etiam
1578 2899 1746 2979 leges
1832 2911 2036 2980 aperte
2119 2914 2290 2980 sper-

370 3033 538 3088 nunt
601 3029 789 3099 atque
852 3031 1304 3097 contemnunt,
1373 3036 1518 3083 cum
1557 3036 1776 3101 poena
1845 3022 2024 3104 ipsa‚·
2082 3023 2293 3105 juncta

387 3145 676 3212 codicum
712 3145 787 3209 de
816 3142 1061 3230 juribus
1098 3142 1391 3211 civilibus
1434 3143 1840 3228 dispositione
1862 3189 1886 3225 ‚
1918 3163 2030 3212 seu
2075 3147 2286 3229 potius

384 3273 524 3355 ipsa
567 3271 838 3355 gentium
876 3275 1270 3341 necessitudo
1290 3317 1317 3354 ‚
1373 3291 1532 3356 quae
1590 3274 1775 3341 unius
1829 3274 2095 3339 civitatis
2146 3277 2282 3356 lege

358 3399 660 3468 ‚subverti
725 3386 940 3484 nequit
958 3443 988 3481 ,
1062 3402 1211 3468 huic
1296 3401 1638 3467 contemtui
1703 3419 1776 3492 ae
1845 3401 2160 3484 superbiae
2199 3402 2286 3494 le·

353 3541 518 3611 „tum
568 3548 856 3614 campum
904 3529 1154 3614 aperiat.

352 3731 359 3740 ,
464 3655 635 3722 Haec
699 3673 903 3725 tamen
963 3676 1094 3725 non
1150 3658 1223 3722 de
1278 3657 1357 3723 iis
1432 3656 1682 3740 valent,
1756 3660 1864 3741 qui
1935 3659 2070 3727 sive
2136 3631 2285 3743 pau-

360 3798 612 3868 pertate
660 3787 736 3850 ad
786 3785 962 3852 sliam
1034 3785 1343 3851 civitatem
1417 3803 1489 3851 se
1554 3803 1908 3853 convertere
1973 3801 2286 3872 nequeunt

372 3915 477 3984 ‚vel
526 3911 589 3980 in
640 3911 958 3996 ergastulis
1028 3913 1315 3997 degentes
1384 3917 1566 3996 plane
1631 3935 1666 4011 s
1716 3917 1820 3984 tali
1889 3932 2030 3984 actu
2080 3915 2285 4001 prohi-

726 4010 730 4024 ’
1216 4131 1230 4140 .
1341 4040 1412 4106 Ii
1456 4061 1508 4126 3,
2137 4013 2282 4106 ben-

2339 3525 2360 3554 Ι
