3000 4917
670 367 762 432 ,ιο
1502 356 1751 421 =
2081 439 2088 446 ἢ

693 539 773 607 ad
822 535 1222 608 conditionem
1282 536 1519 622 illorum
1569 536 2000 606 descendebant
2015 582 2042 619 ,
2091 537 2199 620 qui
2244 554 2314 606 se
2352 555 2570 610 venum

698 665 825 736 dari
886 665 1260 751 patiebantur
1306 665 1424 746 ‚vei
1489 663 1799 732 maximam
1855 662 2066 749 capitis
2124 663 2571 735 diminutionem

684 789 1003 861 subierant
1035 791 1304 861 libertate
1350 789 1587 860 amissa.
1769 851 1774 858 .

674 964 683 976 -
779 918 1010 987 Eadem
1072 917 1394 987 subtilitate
1460 914 1652 983 media
1695 914 1902 1000 capitis
1945 914 2258 985 dimunitio
2304 915 2371 984 in
2421 937 2571 1002 poe-

699 1062 840 1113 nam
900 1061 1071 1112 versa
1125 1056 1253 1125 est,
1319 1060 1455 1110 nam
1522 1061 1664 1110 cum
1710 1042 1868 1109 dicta
1906 1043 2037 1126 lege
2080 1041 2290 1110 Porcia
2332 1056 2574 1111 cautum

702 1183 904 1253 esset,
940 1169 1170 1253 nequis
1210 1168 1276 1236 in
1303 1168 1550 1238 exilium
1583 1167 1959 1251 mitteretur,
1995 1187 2072 1235 ex
2109 1168 2325 1253 priscis
2354 1169 2577 1236 Roma-

704 1279 926 1366 nonim
964 1294 1236 1363 moribus
1273 1294 1414 1363 huic
1446 1292 1664 1363 abusui
1700 1292 2029 1362 obventum
2057 1308 2175 1363 est.
2255 1295 2351 1363 nn
2384 1296 2539 1362 enim
2552 1342 2578 1377 ,

701 1419 814 1504 qui
898 1439 974 1488 ex
1048 1417 1285 1489 civitate
1382 1420 1817 1503 discesserant3
1904 1422 2041 1508 jure
2116 1420 2277 1489 civili
2363 1436 2425 1490 et
2506 1420 2590 1488 ci-

704 1546 799 1617 via
843 1544 1084 1615 nomine
1112 1545 1417 1615 abdicasse
1451 1544 1869 1614 censebantur.
1952 1547 2355 1634 Quamobrem
2396 1549 2584 1617 vitato

704 1673 952 1741 nomine
1004 1692 1130 1741 rem
1177 1691 1414 1741 servare
1477 1671 1858 1755 cupientibus
1913 1692 2071 1756 aqua
2121 1688 2183 1742 et
2228 1673 2353 1759 igni
2406 1675 2586 1742 inter-

692 1799 891 1878 nietio
943 1798 1173 1868 institui
1231 1792 1432 1883 coepit
1502 1797 1588 1881 (1
1608 1800 1676 1882 ).
1799 1842 1844 1881 ,,
1882 1783 2072 1867 Nuna
2111 1798 2297 1885 igitur
2346 1800 2410 1868 in
2452 1803 2583 1885 lege

707 1968 754 2007 „
791 1923 1062 1993 Romana
1107 1922 1405 1991 invenitur
1452 1924 1640 1991 ullum
1689 1923 1867 1991 exilio
1910 1926 2223 1994 multatum
2273 1944 2408 1993 esse
2458 1947 2582 1993 ma-

594 2117 602 2126 ,
707 2094 754 2134 ,,
790 2049 1080 2117 leficiumz
1156 2047 1265 2114 sed
1325 2065 1466 2115 cum
1530 2048 1806 2116 homines
1855 2048 2093 2118 vincula
2111 2095 2137 2133 ,
2190 2067 2368 2116 neces
2413 2052 2583 2135 igno-

709 2219 758 2262 „
793 2173 1125 2256 miniasque
1171 2170 1360 2242 vitant
1377 2218 1405 2257 ‚
1473 2190 1630 2258 quae
1680 2191 1827 2244 sunt
1886 2175 2118 2261 legibus
2173 2176 2533 2244 constitutae
2550 2224 2578 2260 ,

710 2346 769 2390 „
793 2298 1152 2385 confugiunt
1195 2301 1275 2369 ad
1321 2319 1479 2369 aram
1499 2337 1552 2385 ,ν
1578 2304 1649 2369 in
1701 2303 2034 2387 exsilium,
2089 2303 2198 2387 qui
2248 2302 2399 2372 siin
2441 2303 2589 2373 civi·

686 2473 763 2513 ·‚,
798 2441 919 2497 tate
982 2426 1101 2494 vim
1146 2426 1298 2513 legis
1340 2419 1545 2497 subire
1602 2430 1863 2513 vellent,
1922 2429 1987 2498 id
2032 2444 2126 2498 est
2146 2475 2173 2512 ,
2221 2430 2327 2501 vel
2373 2431 2591 2499 ultime

707 2555 869 2645 affici
932 2553 1230 2642 suppucIo
1286 2554 1393 2625 vel
1449 2556 1723 2621 omnium
1787 2575 2000 2623 rerum
2070 2559 2279 2645 impla
2338 2571 2593 2625 mortem

706 2679 947 2750 ambire
961 2724 989 2763 ,
1067 2723 1112 2762 „
1148 2696 1277 2747 non
1325 2679 1496 2765 prius
1544 2678 1840 2748 civitatem
1891 2701 2070 2764 quam
2132 2682 2312 2751 vitam
2366 2683 2598 2754 amitte·

719 2849 768 2892 „
801 2820 974 2889 rent,
1035 2806 1154 2874 hoc
1199 2826 1346 2876 vero
1400 2806 1542 2890 quia
1573 2808 1853 2890 nolunt,
1886 2825 2013 2874 non
2062 2808 2341 2878 adimitur
2372 2808 2468 2877 his
2509 2809 2593 2877 ci-

719 2981 767 3022 „
803 2933 953 3028 vitas
972 2982 997 3019 ‚
1024 2935 1135 3003 sed
1173 2934 1252 3002 ab
1288 2934 1384 3002 his
1411 2932 1771 3017 relinquitur
1801 2948 1982 3017 atque
2010 2934 2354 3020 deponitur.
2433 2934 2592 3003 Nam

716 3106 765 3149 „
796 3082 942 3133 eum
1012 3061 1421 3132 Romanorum
1490 3061 1923 3164 consuetudine
1941 3106 1967 3144 ,
2054 3062 2305 3131 duarum
2358 3060 2595 3130 civita·

723 3237 769 3277 „
806 3203 940 3261 tum
998 3207 1178 3258 nemo
1241 3208 1376 3262 esse
1448 3187 1686 3273 possit,
1751 3202 1881 3255 tum
1925 3186 2211 3258 amittitur
2257 3188 2402 3256 haec
2447 3187 2592 3256 civi-

728 3365 774 3402 „
809 3334 904 3389 tae
958 3319 1216 3402 denique
1233 3363 1258 3400 ,
1295 3334 1437 3385 cum
1479 3317 1533 3385 is
1551 3363 1577 3397 ‚
1608 3314 1718 3399 qui
1759 3316 2035 3403 profugit
2050 3360 2079 3399 ‚
2107 3330 2380 3401 receptus
2408 3329 2502 3383 est
2530 3316 2595 3382 in

729 3450 783 3528 „¹
813 3425 1089 3515 exsilium
1106 3489 1133 3528 ,
1205 3443 1324 3510 hoc
1380 3457 1474 3512 est
1522 3443 1586 3510 in
1636 3444 1807 3512 auam
1859 3443 2175 3513 civitatem.
2261 3439 2432 3509 Talis
2478 3438 2600 3508 fuit

732 3570 902 3658 origo
955 3572 1139 3658 huius
1184 3586 1413 3654 poenae
1459 3583 1644 3654 atque
1693 3571 1778 3637 ita
1827 3589 1896 3639 se
1948 3570 2199 3640 habebat
2217 3616 2242 3653 ,
2296 3584 2436 3638 cum
2469 3564 2607 3633 Ro·

2487 3712 2611 3762 ma-

828 3838 951 3912 (ι)
1000 3834 1119 3895 Cic.
1168 3852 1259 3904 pro
1305 3836 1528 3897 caecina
1570 3851 1687 3905 cap.
1748 3854 1830 3906 8¹⁸·
