3000 4917
1326 331 1572 391 ξε...-
2160 346 2390 411 -4ι

496 558 544 598 ‚‚
583 516 636 582 si
691 526 827 582 ante
890 510 1294 581 Hereditatem
1354 511 1570 579 aditam
1627 524 1733 579 aut
1780 525 1918 580 ante
1975 514 2135 582 diem
2175 516 2388 585 ceden-

451 686 457 693 »
498 677 545 722 ,4
585 656 705 707 tem
726 688 752 724 ,
819 638 961 723 quis
1021 640 1215 723 capite
1266 638 1536 709 minutus
1581 626 1712 722 est,
1763 656 2001 709 constat
2045 660 2174 710 non
2219 644 2390 711 amit-

493 813 537 849 „
576 768 680 834 ti''
737 768 885 852 (32
903 767 964 851 ).
1067 770 1156 833 At
1219 765 1479 850 primum
1544 768 1805 835 obsetvo
1871 767 1940 838 in
1993 767 2094 835 his
2141 771 2230 836 de'
2267 788 2389 839 usu

484 895 717 966 fructu.
752 894 851 981 agi
914 895 1125 964 ultima
1162 897 1495 964 ¹voluntate
1551 893 1885 963 constituto
1906 942 1934 979 ‚
1993 898 2230 980 qualem
2283 917 2383 967 ca·-

485 1042 630 1107 pere
676 1024 995 1107 deportato
1044 1041 1170 1091 non
1195 1108 1205 1113 -
1230 1022 1370 1090 licet
1386 1070 1413 1105 ,
1469 1042 1592 1105 qua
1639 1037 1890 1107 propter
1905 1070 1932 1107 ,
1987 1023 2042 1091 si
2083 1024 2243 1090 nude
2293 1023 2388 1090 di-

486 1150 878 1221 minutionem
960 1150 1174 1233 capitis
1254 1151 1355 1217 hic
1437 1169 1566 1217 non
1621 1164 1880 1219 tantum‘
1925 1149 2228 1217 minimam
2273 1152 2382 1217 sed

482 1290 545 1342 et
572 1277 821 1345 mediam
848 1290 954 1346 aut
986 1277 1296 1348 maximam
1326 1278 1655 1363 intelligere
1689 1277 1978 1361 velimus,
2013 1278 2152 1344 inde
2181 1278 2380 1362 gravis

486 1404 679 1472 oritur
742 1408 1135 1491 repugnantia
1155 1453 1180 1488 ‚
1257 1408 1335 1476 de
1390 1406 1635 1476 minima
1689 1406 1873 1491 igitur
1929 1419 2163 1473 tantum
2209 1404 2385 1471 intel-

480 1531 853 1616 ligam-‚ita
894 1548 966 1600 ut
1001 1534 1147 1600 haec
1178 1533 1330 1618 legis
1360 1552 1532 1601 mens
1567 1534 1796 1602 dicatur
1815 1580 1839 1616 ,
1879 1533 2120 1600 minima
2168 1532 2377 1616 capitis

486 1659 889 1726 diminutione
920 1661 1152 1727 tollitur
1184 1658 1574 1727 ususfructus
1589 1704 1614 1741 ,
1665 1661 1773 1728 sed
1796 1660 2066 1726 testatori
2097 1658 2378 1743 relinqui·

483 1799 591 1851 tur
628 1800 829 1853 utrum
868 1804 1155 1855 renovare
1187 1786 1332 1854 velit
1355 1786 1614 1871 legatum
1643 1831 1668 1868 ,
1707 1805 1837 1867 quo
1871 1804 2016 1853 casu
2041 1784 2215 1851 etiam
2233 1799 2380 1867 post

480 1912 873 1991 minutionem
908 1915 1185 1983 debetur.
1248 1914 1383 1981 Pari
1422 1914 1608 1980 modo
1640 1926 1733 1979 est
1764 1911 2104 2011 accipienda
2139 1910 2225 1977 L.
2273 1930 2375 2010 lo.

466 2037 557 2122 ff.
631 2040 711 2107 de
765 2062 883 2109 usu
936 2055 1002 2107 et
1056 2040 1445 2107 habitatione
1507 2039 1614 2107 ubi
1677 2057 1806 2106 non
1857 2040 1933 2107 de
1984 2037 2174 2105 media
2189 2084 2212 2121 ,
2261 2038 2374 2105 sed

462 2167 555 2247 ⁸de
584 2165 823 2233 minima
851 2167 1061 2251 capitis
1098 2168 1473 2235 diminitione
1507 2187 1709 2235 sermo
1741 2187 1875 2234 esse
1927 2166 2184 2235 videtur.

437 2366 447 2373 ,
559 2293 769 2379 Quum
804 2308 1005 2361 autem
1052 2313 1239 2378 supra
1288 2296 1550 2363 vidimus
1598 2294 1906 2369 ἄπολις-ειυς
1947 2313 2073 2362 non
2115 2292 2367 2378 periisse

471 2420 811 2494 facultatem
888 2422 1233 2507 acquirendi
1310 2436 1493 2505 atque
1541 2418 1973 2505 contrahendi}
2030 2422 2150 2489 nisi
2213 2440 2370 2506 vana

470 2548 615 2615 haec
653 2564 855 2618 essent
870 2598 895 2635 ‚
942 2552 1131 2621 modia
1172 2553 1379 2621 adesse
1414 2552 1711 2621 debebant
1728 2600 1754 2636 ,
1783 2552 2007 2637 quibus
2045 2554 2148 2638 ius
2181 2568 2364 2621 auum

466 2694 960 2772 persequetetur:
1013 2697 1076 2748 at
1144 2701 1333 2765 quum
1387 2682 1642 2749 extorris
1704 2681 1939 2749 nullutn
1993 2678 2124 2759 sibi·
2157 2679 2363 2747 forum

466 2804 746 2888 haberet,
808 2827 879 2874 ac
942 2828 1052 2891 per
1103 2808 1313 2893 capitis
1366 2808 1826 2877 diminutionem
1872 2806 2097 2875 frustra
2130 2805 2362 2871 actione

463 2929 625 2996 civili
690 2946 972 3013 expertus
1022 2932 1237 3001 fuisset
1254 2981 1279 3016 ,
1340 2955 1415 3001 ex
1460 2935 1593 3019 ipsa
1641 2934 1795 3019 iuris
1840 2931 2114 3014 analogia
2149 2930 2212 2995 ei
2265 2950 2363 2997 ac·

470 3055 669 3123 tiones
704 3058 881 3126 utiles
916 3060 1368 3127 succurrebant.
1454 3062 1760 3128 Dicuntur
1775 3072 1976 3125 autem
1991 3058 2126 3124 illae
2143 3104 2170 3140 ,
2207 3074 2360 3139 quae

461 3181 880 3251 deficientibus
948 3187 1151 3269 legum
1220 3188 1321 3264 vel
1392 3186 1723 3253 edictorum
1769 3185 1967 3251 verbis
1984 3230 2008 3264 ,
2066 3183 2360 3266 aequitate

458 3279 823 3397 suggerente
840 3359 865 3398 ,
902 3328 963 3379 et
1021 3311 1290 3381 utilitatis
1326 3312 1512 3397 gratia
1534 3361 1558 3397 ‚
1591 3314 1668 3380 ad
1698 3312 1958 3397 speciem
1981 3309 2357 3397 propositam

2261 3460 2360 3507 ac-

562 3666 723 3731 (3²)
770 3666 900 3722 vid·
944 3667 1014 3720 Lo
1066 3682 1114 3721 1·
1150 3669 1204 3733 §a
1234 3684 1289 3724 2·
1336 3670 1407 3723 Lo
1454 3684 1506 3721 2·
1548 3674 1598 3731 ς.
1627 3682 1674 3719 Ῑο
1720 3668 1790 3721 Lo
1836 3676 1888 3729 'o
1913 3668 1981 3734 ff·
2013 3669 2200 3747 1¹0th!
2237 3683 2344 3722 ’θ’

460 3750 547 3799 dis
596 3748 941 3813 ususfructus
976 3755 1063 3807 ul
1107 3767 1237 3806 usus
1281 3754 1597 3818 amittitur,
1630 3753 1705 3812 h.
1728 3766 1814 3816 23.
1860 3753 1926 3805 de
1969 3768 2069 3807 usu
2101 3757 2188 3809 vel
2219 3769 2348 3809 usu·

452 3832 646 3914 fructu
698 3834 833 3899 ch.

1456 3944 1509 4009 F
