3000 4917
608 337 728 403 104
1435 310 1682 380 Ξ

625 556 674 598 ,,
708 508 1044 579 infeodatus
1094 503 1354 586 aliquem
1402 497 1822 570 forbannivirit
1841 544 1866 581 ,
1935 497 1989 566 ei
2050 512 2196 567 tunc
2255 498 2520 568 bannum

628 681 677 723 „
709 653 890 705 enum
937 631 1164 703 Comiti
1214 628 1463 716 exponit
1522 628 1810 696 adversus
1862 625 2032 694 illum
2082 626 2350 694 bannum
2391 628 2526 696 Co-

630 806 678 847 „
712 761 930 830 mitiale
958 758 1321 843 impetrabit.
1405 758 1647 826 Eodem
1678 756 1865 823 modo
1900 752 2218 823 comitiale
2247 753 2515 849 bannum

631 934 676 975 „
711 887 947 985 imperil
992 886 1252 971 adquirit
1298 884 1830 971 proscriptionem.
1847 883 1891 914 '⁹

709 1014 864 1084 Non
900 1013 1084 1101 igitur
1097 1060 1122 1097 ,
1155 1012 1248 1083 uti
1276 1013 1490 1082 voluit
1528 1011 1908 1097 Carpzoviue
1933 1059 1960 1095 ,
2005 1012 2084 1080 ad
2124 1029 2316 1081 unum
2346 1009 2530 1078 banni

631 1160 988 1229 processum
1018 1142 1168 1209 haec
1184 1140 1484 1225 pertinent
1501 1185 1530 1224 ,
1559 1141 1668 1209 sed
1691 1140 1869 1224 plane
1884 1140 2116 1207 diversa
2137 1153 2325 1222 sunt,
2342 1157 2536 1221 quum

627 1269 710 1339 ab
761 1266 1049 1339 relatione
1099 1267 1370 1353 judicum
1424 1268 1572 1335 haec
1630 1266 1833 1336 omnia
1884 1267 2205 1350 pendeant.
2308 1265 2535 1348 Neque

632 1395 689 1463 si
735 1396 835 1463 vel
904 1394 1210 1464 biennium
1277 1408 1603 1464 contumax
1661 1392 1877 1479 aliquis
1923 1394 1989 1460 in
2043 1394 2251 1461 banno
2296 1390 2536 1478 Gogni-

632 1520 721 1591 vii
744 1535 977 1591 steterit
991 1569 1018 1606 ,
1058 1535 1378 1607 propterea
1398 1521 1659 1595 incurrit
1692 1520 1953 1592 comitis
1979 1519 2340 1589 forbannum
2362 1565 2387 1601 ,
2421 1516 2533 1586 sed

629 1649 709 1718 ad
769 1647 932 1719 illius
976 1648 1467 1735 provocationem
1535 1669 1714 1719 causa
1774 1648 2044 1732 exposita
2094 1661 2323 1715 tantum
2375 1642 2538 1712 infli-

635 1774 826 1861 gitur.
927 1776 1137 1863 HuJus
1184 1776 1368 1845 banni
1413 1775 1668 1846 effectus
1720 1776 1909 1860 magis
1958 1777 2160 1843 locum
2211 1790 2391 1856 quam
2429 1772 2537 1858 jus

635 1915 894 1970 mutant.
992 1901 1156 1970 Nam
1206 1901 1317 1986 qui
1356 1922 1393 1970 a
1442 1902 1686 1970 Comite
1729 1899 2148 1983 forbannimr,
2190 1899 2258 1965 in
2290 1897 2538 1984 maiori,

637 2039 713 2095 ut
761 2026 845 2095 ita
878 2025 1068 2095 dicam
1095 2072 1121 2109 ‚
1161 2025 1469 2111 provincia
1512 2046 1663 2112 pace
1707 2027 2018 2113 privatur,
2073 2044 2262 2112 quum
2298 2041 2538 2096 caetero

639 2147 791 2234 quin
837 2148 1017 2220 iidem
1062 2150 1191 2219 sint
1242 2150 1524 2221 effecms.
1602 2154 1691 2221 At
1738 2152 1795 2223 si
1831 2153 2231 2225 nihilominus
2281 2152 2362 2223 sit
2391 2171 2542 2221 con-

636 2289 846 2348 tumax
901 2296 973 2347 ac
1042 2278 1272 2349 comes
1315 2297 1459 2347 suae
1510 2278 1719 2348 ditioni
1771 2279 1919 2349 utile
1963 2281 2193 2367 judicet
2212 2327 2237 2363 ,
2299 2280 2541 2366 gravius

637 2403 810 2475 illum
841 2405 1104 2476 coerceri
1125 2451 1150 2487 ‚
1208 2407 1288 2474 ad
1340 2406 1768 2491 Imperatorem
1804 2427 1903 2475 res
1938 2405 2206 2475 defertur
2220 2453 2246 2489 ,
2288 2408 2395 2491 qui
2419 2426 2538 2476 nec

638 2528 842 2599 atatim
885 2530 1152 2599 bannum
1203 2532 1485 2616 superius
1542 2553 1654 2604 seu
1694 2549 1950 2602 mortem
1990 2534 2222 2602 civilem
2270 2552 2540 2618 pronun·

639 2652 805 2736 ciat,
843 2655 953 2720 eed
998 2655 1209 2723 eodem
1247 2659 1477 2740 modo,
1536 2679 1664 2741 quo
1709 2662 1939 2729 Comes
1970 2661 2048 2729 de
2081 2680 2263 2729 causa
2312 2679 2544 2746 cogno·

642 2777 781 2853 ecit,
817 2792 1001 2866 atque
1063 2781 1203 2850 hac¹
1235 2783 1633 2871 comprobata
1677 2785 1941 2872 primum
1965 2844 1969 2850 Δ
1993 2787 2262 2859 bannum
2315 2787 2542 2873 Regale

1217 2926 1223 2937 “
2401 2915 2548 2986 sim-

655 3220 887 3275 Gorecbt
930 3233 961 3271 a
1004 3217 1207 3272 villania
1246 3217 1528 3286 eligebatur
1565 3235 1628 3275 ac
1662 3219 2054 3287 iurisdictionem
2082 3236 2177 3276 eno
2220 3236 2324 3275 non
2364 3238 2393 3275 a
2421 3223 2537 3275 vin·

657 3303 776 3355 cula
818 3301 1008 3357 feudati
1045 3303 1139 3355 eed
1182 3303 1249 3357 ab
1291 3303 1536 3357 electione
1578 3309 1785 3359 tenebat
1812 3304 2017 3358 videtur
2041 3316 2211 3360 tamen
2230 3307 2297 3360 ed
2319 3305 2538 3372 influent

652 3381 878 3448 iudicum
920 3383 1212 3447 pertinuisse
1254 3386 1463 3440 clamem
1508 3388 1639 3440 Nam
1699 3389 1743 3441 si
1796 3389 1909 3454 quis
1952 3387 2016 3440 ad
2058 3385 2165 3452 eius
2209 3389 2533 3442 heribannum

656 3469 837 3523 venire
896 3469 1219 3522 contemserit
1276 3470 1440 3525 minor
1494 3471 1545 3524 el
1605 3487 1753 3537 quam
1812 3473 2037 3526 sculteto
2094 3472 2280 3524 mulcta
2324 3470 2543 3526 eolvitur

658 3552 814 3619 Spec-
865 3553 1003 3608 Saae.
1047 3551 1171 3608 Lib.
1217 3549 1317 3607 111·
1378 3554 1511 3609 Are.
1558 3554 1649 3620 64.
1712 3555 1821 3606 110⁸
1866 3567 2036 3610 autem
2081 3557 2392 3621 magistratus
2438 3571 2532 3608 va-

658 3630 737 3682 rio
781 3631 969 3682 honore
1000 3633 1200 3696 gavisos
1228 3636 1379 3691 finisse
1426 3635 1544 3693 binc
1586 3637 1854 3700 impromtu
1898 3648 1997 3695 eet.
2046 3637 2365 3696 increecebat
2405 3638 2541 3691 enim

657 3709 849 3762 ratione
910 3727 1150 3777 pagorum
1219 3718 1404 3778 quibus
1462 3729 1712 3782 praeerat.
1774 3718 1835 3769 ln
1882 3734 2064 3785 genere
2112 3732 2280 3779 tamen
2325 3719 2540 3780 mexime

663 3789 902 3847 hodierno
941 3795 1206 3850 ammae
1251 3798 1545 3855 convenieee
1591 3798 1815 3858 videtur·
