3000 4917
1213 379 1456 416 ...-
1900 384 1914 392 -
2166 399 2294 468 2³7

1369 415 1375 420 .
1389 414 1392 419 .

388 560 650 633 Romani
711 563 983 648 analogia
1036 563 1316 645 sequitur
1365 564 1623 631 civiliter
1654 569 1933 639 mortuis
1964 581 2114 640 'non
2165 576 2293 642 adi·

305 724 312 731 ·
389 693 474 761 mi
526 691 774 777 patriam
821 705 1212 775 potestatem.
1301 691 1468 759 Haec
1521 694 1684 762 enim
1743 700 2078 783 adquiritur
2130 703 2287 785 legia

388 820 552 887 timis
603 820 840 902 nuptiis
863 862 888 898 ,
931 818 1190 885 Proinde
1274 820 1330 886 si
1387 820 1534 887 baec
1591 824 1744 906 legis
1792 827 2115 909 dispositio
2156 829 2303 913 Juri·

387 926 634 1016 Gallico
674 948 1116 1029 applicaretur,
1156 966 1298 1012 cum
1350 950 1612 1016 civiliter
1655 968 2036 1020 mortuorum
2081 959 2299 1043 conica
2356 940 2363 947 ’

391 1077 491 1157 gia
541 1092 665 1140 non
720 1060 1084 1154 solvantur,
1134 1092 1249 1140 nec
1307 1079 1497 1158 patria
1543 1091 1813 1159 potestas
1870 1080 2006 1146 tolli
2054 1081 2292 1153 debuit.

387 1203 527 1268 Nec
579 1199 762 1282 magis
823 1173 1280 1267 difficultatibus
1335 1221 1405 1267 se
1459 1206 1744 1285 expedit,
1806 1224 1945 1272 cum
2002 1226 2037 1273 a
2076 1211 2290 1278 mortis

390 1325 638 1393 fictione
681 1327 991 1410 opinionis
1041 1347 1186 1394 suae
1230 1345 1585 1411 argumenta
1631 1347 1839 1414 petat,
1903 1338 2078 1418 'quae
2125 1354 2290 1421 nup·

390 1454 605 1520 riarum
677 1470 957 1536 respectu
1010 1457 1166 1521 nihil
1233 1463 1489 1538 prorsus
1565 1473 1845 1541 mutant,
1942 1463 2176 1547 quippe
2220 1485 2291 1533 ea

390 1596 486 1648 est
536 1583 891 1648 sacramenti
946 1580 1082 1661 vis,
1140 1595 1212 1647 ut
1299 1601 1480 1649 nemo
1536 1585 1689 1652 illud
1724 1607 2115 1685 corrumpere
2145 1612 2292 1676 pos-

389 1674 534 1787 sit,⁸
573 1707 694 1774 nisi
750 1709 881 1791 ipse
931 1707 1319 1777 Christianus
1373 1731 1408 1777 a
1453 1711 1572 1778 fide
1603 1716 1862 1781 recedat.
1948 1719 2047 1783 Ac
2080 1722 2289 1788 eadem

387 1835 769 1902 substitisset
831 1837 1027 1935 ratio,
1111 1855 1310 1918 neque
1364 1856 1631 1921 unquam
1687 1840 2071 1911 forbannitos
2127 1848 2291 1915 forte

386 1963 647 2030 civiliter
691 1977 971 2029 mortuos
1023 1964 1362 2049 dixissent,
1423 1966 1547 2032 nisi
1614 1965 1971 2036 Germaniae
2030 1972 2291 2057 Impera·

387 2105 553 2154 tores
575 2132 597 2166 ,
658 2102 729 2152 ut
781 2085 1108 2168 perfectam
1156 2088 1468 2156 redderent
1500 2091 1872 2178 vindictam,
1928 2114 2038 2164 eos
2075 2101 2291 2168 hereti·-

391 2230 608 2278 corum
683 2215 872 2279 instar
933 2215 1441 2282 excommunicari
1497 2235 1817 2287 curassent
1839 2267 1864 2303 ,
1927 2241 2034 2292 aut
2071 2232 2289 2301 saltem

381 2341 554 2420 quasi
632 2339 1190 2407 excommunicatos
1266 2342 1645 2423 habuissent.
1763 2345 1864 2413 Sic
1926 2349 2272 2424 forbanniti

378 2467 622 2534 diabolo
671 2468 911 2548 traditi,
951 2470 1201 2535 ecclesia
1253 2471 1421 2553 pulsi
1472 2491 1546 2537 ac
1567 2506 1570 2511 Α
1587 2473 1726 2558 jure
1770 2476 2067 2557 spirituali
2100 2484 2284 2552 desti·

377 2596 500 2662 tuti
526 2596 730 2680 hujus
775 2592 1000 2659 effectu
1050 2594 1192 2659 licet
1235 2612 1364 2662 non
1396 2596 1530 2663 sine
1563 2600 1955 2689 crudelitate,
2015 2622 2278 2682 attamen

376 2724 513 2791 sine
558 2727 929 2795 absurditate
981 2724 1401 2806 privabantur.
1854 2728 1866 2769 l

461 2852 550 2916 At
605 2853 757 2933 quid
820 2853 944 2934 iam
1006 2854 1083 2918 de
1131 2855 1616 2923 Calvinistorum
1661 2879 1737 2926 ac
1798 2862 2168 2946 judaeorum
2211 2870 2279 2936 in

351 2974 576 3041 Gallia
616 2978 951 3041 viventium
999 2979 1262 3058 nuptiis.
1346 2981 1516 3047 Haec
1554 2984 1775 3067 initio,
1839 2995 2072 3072 quippe
2112 3004 2274 3062 extra

376 3088 1048 3166 ecclesiam'celebratae
1071 3102 1452 3170 Catholicam
1476 3150 1501 3185 ,
1536 3114 1782 3194 nullae3
1817 3133 2030 3181 verum
2076 3120 2270 3189 simul

373 3246 445 3292 ac
527 3225 767 3292 tolerari
816 3203 1141 3307 coeperant
1201 3248 1271 3294 ac
1322 3230 1623 3312 legitimae
1689 3236 2052 3309 dicebantur
2090 3265 2128 3312 a
2172 3245 2277 3332 ju*

370 3353 550 3434 dice,
602 3352 670 3419 id
696 3369 836 3432 est,
865 3374 899 3418 a
936 3352 1145 3435 Rege,
1179 3355 1285 3436 qui
1332 3359 1569 3424 nullum
1620 3362 1743 3430 nisi
1768 3385 1803 3432 a
1834 3366 1973 3436 Deo
2002 3372 2272 3442 admittit

370 3480 821 3546 matrimonium
848 3524 874 3560 ‚
941 3481 1199 3548 dissolvi
1246 3502 1376 3550 non
1424 3502 1795 3569 potuerunt.
1889 3495 1994 3563 Sic
2056 3516 2263 3570 autem

367 3608 647 3692 quamvis
713 3609 1087 3677 Calvinistae
1145 3631 1218 3679 ac
1273 3613 1492 3698 Judaei
1572 3620 2024 3692 matrimonium
2047 3671 2073 3708 ‚
2138 3647 2266 3698 nee

363 3750 799 3802 sacramentum
821 3782 844 3817 ,
915 3758 1029 3805 nec
1098 3742 1531 3813 indissolubile
1575 3749 1892 3817 vinculum
1931 3753 2137 3821 dicant
2184 3756 2256 3825 in

364 3860 564 3933 Gallia
582 3878 782 3934 tamen
800 3881 942 3935 ante
972 3873 1438 3943 conversionem
1454 3876 1624 3948 nulla
1639 3879 1899 3949 divortia
1915 3926 1939 3964 ,
1971 3882 2092 3950 nisi
2111 3882 2255 3967 jure

1265 3999 1392 4086 Gg
1431 4021 1471 4088 3
2142 4022 2264 4072 ca·
